2664 3920
176 170 227 223 ΧΠ
609 172 759 228 Praefatio.

178 466 206 521 p.
227 447 293 520 531
319 447 444 507 couiccti
469 453 587 508 testante
608 449 657 507 Pc'-
711 451 765 508 rei
788 449 922 509 abiecti

320 537 397 596 taoeo
441 551 442 556 ’
755 549 756 554 ’

178 670 194 699 ,,
225 626 291 698 5,1
317 625 547 702 Tullianumque
712 627 917 686 Tullianum

178 729 195 788 „
226 715 293 787 5,5
318 709 370 772 sad
711 717 811 775 sedet

177 848 194 877 „
225 804 292 876 5,8
317 804 413 862 adhuc
436 808 502 863 teste
519 805 635 863 Pithone
711 804 771 863 diu

178 937 194 966 „
226 893 442 968 5,9liquct.
488 894 643 952 aestimate
708 894 862 970 linquetur
899 897 1050 954 aestima
1089 895 1190 954 alind

320 981 431 1040 iudices
753 975 862 1064 (liquet
886 983 1009 1042 aestima
1032 978 1150 1066 aliud*)

178 1115 194 1144 „
225 1071 315 1144 5,14
339 1072 462 1146 patiar
710 1075 796 1148 pater
819 1064 985 1154 (patorer*)

177 1204 193 1233 „
225 1161 292 1232 6,2
317 1159 529 1235 apparentibus
711 1161 964 1236 aparentibus
989 1177 1111 1220 corum

177 1293 194 1322 ‚,
226 1250 254 1322 6,
275 1251 293 1307 9
316 1249 429 1308 minas
452 1250 598 1308 venales
709 1250 829 1309 venales
852 1252 947 1310 minas

177 1382 194 1412 „
226 1338 425 1413 6‚13quid
709 1357 763 1398 om.

177 1471 193 1502 „
226 1428 314 1502 6,17
340 1427 524 1487 adfectata
709 1429 819 1486 affecta

243 1587 289 1644 Ex
312 1605 370 1662 quo
394 1588 482 1645 simul
506 1592 632 1663 apparet
649 1589 823 1648 memoriam
845 1589 929 1646 illam
953 1607 1043 1663 qnam
1065 1588 1190 1664 praebet
1310 1654 1311 1659 .

177 1676 267 1736 codex
281 1675 508 1750 vetustissimus,
528 1677 618 1734 ctiam
638 1696 698 1736 csse
718 1679 973 1754 praestantiorem.
1016 1696 1074 1752 quo
1092 1678 1189 1755 magis

177 1764 336 1824 dolendum
359 1769 404 1824 cst
427 1784 493 1823 cum
516 1767 580 1822 tam
602 1785 742 1826 mancum
764 1767 962 1841 mutilumque
984 1766 1121 1826 fortunae
1144 1768 1189 1824 in-

175 1854 258 1913 vidia
280 1854 365 1912 nobis
387 1854 559 1912 innotuisse.
606 1874 659 1913 neo
682 1873 742 1913 non
769 1874 854 1931 spero
879 1874 913 1912 ex
939 1856 993 1913 illa
1015 1853 1119 1914 tabula
1141 1875 1188 1913 me

176 1942 370 2019 probaturum
400 1961 461 2001 esse
490 1943 621 2019 reliquos
649 1944 775 2018 codices,
805 1946 839 2001 ut
868 1943 929 2001 iam
959 1962 1049 2019 supra
1077 1945 1188 2020 monui,

177 2032 306 2092 eiusdem
329 2031 452 2109 originis
476 2050 545 2092 esse.
592 2033 619 2090 ei
642 2036 742 2091 autem
766 2032 823 2090 dno
846 2032 879 2090 in
902 2051 1010 2109 genera
1033 2032 1189 2092 discedunt

176 2123 230 2195 ita,
252 2124 287 2179 ut
304 2118 348 2196 Β,
371 2121 555 2180 Monacensis
576 2123 650 2197 316,
673 2122 831 2180 Beruensis
850 2141 885 2180 ex
907 2122 1008 2180 eodem
1028 2122 1189 2197 exemplari

177 2210 257 2287 quod
286 2209 389 2269 littera
415 2233 433 2290 γ
456 2209 622 2288 significare
651 2211 753 2284 licent,
784 2211 911 2269 derivati
941 2213 1014 2285 sint,
1043 2208 1187 2272 Olooum

176 2301 277 2358 teneat
295 2299 483 2376 singularem.
528 2300 584 2358 hoc
602 2302 681 2360 recto
701 2303 847 2359 statutum
867 2319 929 2360 esse
948 2319 983 2358 ex
1002 2319 1036 2358 eo
1055 2302 1188 2376 apparet,

178 2388 256 2464 quod
278 2388 324 2446 bis
342 2388 482 2447 librarius
502 2389 610 2448 codicis
633 2412 651 2469 p
673 2390 705 2447 in
724 2388 877 2448 scribendo
896 2389 1075 2465 particulam
1093 2409 1189 2447 exem·

176 2478 268 2554 plaris
287 2478 333 2536 sui
347 2477 456 2552 omisit,
474 2497 533 2552 quo
551 2479 664 2537 factum
683 2481 736 2553 ost,
754 2481 789 2536 ut
809 2476 890 2540 053
911 2479 1074 2538 servaverit
1092 2478 1187 2538 docla-

175 2567 334 2640 mationcs,
364 2566 395 2624 in
425 2566 547 2641 reliquis
577 2570 769 2626 numerentur
796 2570 915 2627 tantum
940 2569 990 2625 51.
1037 2568 1117 2643 qnod
1143 2570 1188 2626 ita

177 2655 299 2730 explico,
322 2658 356 2713 ut
378 2655 476 2730 priore
499 2656 579 2730 loco,
603 2656 675 2714 decl.
696 2658 735 2715 31
762 2660 791 2715 ot
816 2659 866 2731 32,
889 2656 941 2714 ubi
968 2657 1075 2714 desunt
1098 2656 1188 2715 verba

176 2763 217 2803 on
230 2761 411 2818 opposccrem
429 2764 457 2819 p.
474 2745 525 2818 27,
546 2748 584 2805 19
601 2779 644 2786 -
658 2747 814 2819 infamium
832 2766 859 2821 p.
876 2746 927 2820 28,
943 2747 971 2819 5,
991 2747 1043 2819 qui
1061 2745 1188 2821 scripsit,

176 2834 301 2894 nimium
323 2833 467 2892 festinans
495 2833 663 2893 columnam
690 2834 864 2910 exemplaris
892 2837 939 2893 sui
965 2825 1187 2914 transiluerit.¹)

176 2924 241 2984 loco
260 2922 431 2998 posteriore,
449 2922 502 2981 ubi
520 2921 706 2982 desideratur
725 2924 795 2982 dccl.
814 2924 855 2981 45
876 2924 954 2982 oculi
973 2922 1089 2980 librarii
1106 2922 1188 2981 hand

177 3013 236 3073 scio
267 3031 306 3070 an
333 3011 535 3070 aberraverint
567 3012 604 3071 ab
635 3031 706 3072 voco
732 3013 926 3080 indemnatos,
958 3031 975 3069 a
999 3031 1057 3086 qno
1081 3011 1189 3087 incipit

249 3185 273 3252 1)
293 3182 364 3236 Sunt
381 3181 492 3235 litterae
507 3186 558 3235 489
572 3181 651 3234 nulla
663 3181 772 3235 ratione
786 3181 885 3235 habita
898 3182 973 3235 vocis
988 3199 1026 3235 aa
1043 3199 1070 3250 p.
1086 3187 1129 3248 27,
1146 3187 1187 3248 19,

177 3272 240 3308 oum
258 3255 288 3306 in
307 3275 323 3324 y
341 3253 452 3323 legatur
474 3254 623 3320 fortunam.
660 3269 725 3306 nam
749 3255 798 3306 ant
820 3253 919 3308 vocula
942 3271 980 3307 aa
1003 3256 1052 3306 ant
1075 3252 1187 3308 litterae

177 3327 308 3382 exeuntes
333 3324 409 3379 vocis
434 3324 582 3392 infamiam
599 3342 626 3393 p.
643 3329 720 3391 28,5
746 3323 909 3378 coaluerunt
935 3341 998 3378 cum
1020 3325 1135 3391 fortuna
1157 3324 1187 3376 in

175 3400 317 3466 fortunam
342 3396 418 3465 qnod
443 3394 618 3465 ypraebnit.
656 3413 719 3449 cum
745 3397 838 3450 autom
864 3393 950 3450 eliam
974 3394 1075 3448 titulus
1100 3396 1187 3449 intor-

177 3468 258 3535 cidit,
285 3467 394 3536 aliquid
412 3467 475 3535 plns
499 3467 585 3535 spatii
604 3470 809 3535 occupaverunt
828 3483 900 3536 qnae
919 3481 1033 3521 exarare
1055 3466 1187 3520 librarius

175 3539 308 3610 neglexit.
