2664 3920
209 208 253 272 34
544 207 739 262 CALPVRNII
755 206 882 263 uincor

253 378 404 437 immolari
434 376 546 436 debere.
592 377 680 436 offert
708 396 738 436 se
767 378 822 436 illa
850 395 927 453 quae
956 377 1158 437 infamabatur
1185 380 1217 437 in

253 467 385 526 fratrem.
426 468 512 542 pater
536 464 566 524 0.
586 466 622 524 D.

276 607 452 668 Dilexerunt
474 610 553 668 enim
577 627 607 667 se
625 610 729 667 mutuo
752 609 859 668 fretra
882 608 963 667 ultra
984 628 1083 667 meum
1106 611 1216 668 votum.

209 717 226 756 o
254 697 375 756 fortuna
404 697 543 757 crudelis!
585 696 736 756 abstulisti
764 698 839 755 mihi
868 696 977 772 filium,
1006 697 1141 772 relinque
1169 699 1216 756 vel

181 786 308 848 afiliam.
350 787 517 862 partiamur
539 786 588 845 vel
606 786 712 847 saltem
734 786 843 846 liberos
861 805 949 846 meos.
990 805 1075 844 nemo
1095 786 1131 846 de
1153 787 1215 862 pol-

207 876 271 934 luto
302 895 391 954 grege
424 876 554 934 hostiam
583 877 682 934 sumit.
724 877 790 950 quis
819 876 895 935 hane
924 876 1053 934 hostiam
1082 877 1215 950 perimet,

206 967 304 1040 pater,
329 963 463 1024 secordes
491 984 530 1022 an
558 962 710 1023 carnifex?
739 963 874 1039 quamuis
897 965 970 1025 haec
992 965 1118 1024 fortasse
1142 965 1213 1024 desi·

207 1054 291 1112 deret
312 1054 377 1128 ipso
401 1053 454 1112 illo
478 1053 578 1130 gladio
601 1055 698 1128 perire
722 1071 779 1127 quo
802 1054 896 1112 frater
919 1055 1030 1114 occisus
1054 1055 1106 1112 est.

655 1275 761 1344 xlv.

165 1430 190 1470 ro
204 1408 395 1469 indemnatos
426 1409 534 1468 liberos
570 1409 660 1468 liceat
697 1409 835 1468 occidere.
887 1410 1033 1484 tyrannus
1069 1407 1213 1467 finitimae

249 1499 380 1558 civitatis
404 1498 458 1558 sub
480 1499 570 1556 minis
591 1497 664 1557 belli
686 1498 903 1556 adulescentem
926 1499 1091 1573 speciosum
1112 1500 1212 1572 postu·

247 1588 330 1646 lavit.
373 1589 478 1646 civitas
497 1586 635 1646 decrevit
677 1589 763 1663 pater
785 1587 872 1644 illum
889 1587 955 1664 lege
974 1587 1213 1645 indemnatorum

247 1677 382 1752 peremit.
427 1695 495 1734 reus
519 1679 565 1735 est
586 1676 684 1736 laesae
706 1677 750 1734 rei
772 1674 916 1751 publicae.

269 1816 408 1893 Amplius
437 1818 516 1896 leges
546 1817 743 1892 impossibilia
772 1817 952 1891 desiderant,
986 1818 1124 1876 interemi
1152 1819 1213 1876 iam

162 1926 187 1968 15
201 1908 278 1965 mori
305 1907 453 1964 volentem
483 1907 514 1964 et
536 1905 721 1964 commodavi
747 1908 854 1966 misero
884 1925 1013 1964 manum.
1054 1908 1111 1965 feci
1134 1907 1214 1982 quod

201 1994 324 2056 licebat:
352 1995 446 2054 occidi
467 1994 570 2053 filium.
612 1994 664 2053 sed
684 1996 789 2072 ingens
816 1997 903 2072 pater
925 1997 1091 2071 praemium
1113 1995 1212 2054 retuli.

201 2086 313 2146 occisus
337 2087 390 2160 est,
414 2086 483 2143 ante
502 2103 592 2159 quem
610 2086 781 2144 moreretur.
826 2086 905 2160 perit
925 2085 1021 2159 homo,
1044 2084 1095 2143 sed
1117 2085 1214 2161 pudor

201 2176 286 2233 vivit.

147 2315 187 2372 44
643 2307 771 2376 XLVI.

160 2462 186 2502 20
225 2463 227 2466 ·
431 2432 664 2500 Indemnatus
687 2433 845 2515 raptoris
867 2433 977 2500 filius.

199 2564 265 2623 Lnx
295 2582 467 2623 mrreavu.
516 2581 713 2624 munuuunos
743 2581 872 2622 mensos
903 2579 1015 2622 nrcnur
1045 2580 1209 2622 oconmea.

244 2654 365 2729 quidem
392 2655 494 2729 rapuit
521 2655 552 2712 et
578 2655 664 2731 fugit.
710 2653 746 2711 de
772 2655 861 2729 raptu
889 2653 989 2728 puella
1017 2655 1152 2729 concepit
1179 2655 1213 2711 et

242 2745 366 2819 peperit.
407 2760 525 2801 reverso
538 2744 659 2818 raptore
677 2742 778 2817 puella
795 2743 922 2800 mortem
935 2742 1064 2817 raptoris
1083 2743 1211 2817 optavit.

241 2831 337 2890 filium
355 2832 407 2890 ille
424 2831 629 2889 indemnatum
647 2832 713 2889 vult
731 2832 870 2890 occidere.
916 2833 1004 2907 rapta
1023 2831 1210 2890 contradicit.

157 2995 183 3036 rs
264 2975 331 3034 Nisi
354 2974 431 3032 forte
453 2974 577 3032 moleste
599 2973 671 3032 tulit
694 2973 773 3048 quod
800 2992 859 3032 non
882 2975 912 3032 et
936 2973 1014 3032 huno
1036 2975 1102 3049 ipsa
1125 2974 1211 3032 dam-

196 3066 290 3124 navit.
338 3065 399 3122 iam
429 3082 496 3122 cum
524 3063 578 3120 illo
611 3081 678 3121 meo
713 3080 810 3120 errore
848 3063 897 3121 vel
926 3062 1005 3121 facto
1037 3062 1212 3122 voluntaria

285 3232 488 3287 icontradicit
506 3242 534 3285 B
604 3231 743 3301 8gaudio
762 3241 790 3284 B

285 3306 431 3358 attalica
457 3321 508 3358 om.
534 3313 555 3356 ο
580 3305 628 3372 qai
657 3304 730 3358 solua
759 3304 876 3358 servavit
902 3302 1138 3369 declamationem
1170 3303 1209 3369 cs.

195 3377 317 3442 Schwob,
334 3377 437 3431 Archiv
454 3376 512 3441 IX,
526 3391 556 3443 p.
572 3379 636 3428 548.
746 3379 778 3429 15
796 3373 906 3429 volente
925 3376 954 3428 et
972 3373 1159 3428 commodavit
1179 3383 1210 3442 ι’,

195 3464 262 3502 corr.
278 3468 294 3498 e
367 3452 398 3501 17
419 3449 485 3500 ante
503 3463 589 3514 quam
606 3445 713 3515 pudore
731 3447 886 3499 moreretur
904 3446 988 3500 Klotz

283 3523 316 3570 21
336 3520 480 3586 raptorum
497 3527 552 3571 Bo
639 3523 672 3570 25
692 3517 721 3570 et
738 3534 795 3570 non
813 3519 842 3570 et
858 3517 933 3570 huno
950 3526 1005 3570 Bo
1092 3521 1125 3570 26
1144 3515 1209 3571 fato

194 3590 324 3644 Pithoeus
