2664 3920
346 187 650 244 DECLAMATIONES
669 187 910 244 Xle—XLVIII.
1089 190 1132 254 35

122 359 306 436 profectione
333 361 543 437 transegeram.
588 359 637 417 hic
659 377 720 432 me,
747 357 872 432 iudices,
899 358 947 416 hic
970 376 1043 432 puer
1065 377 1132 432 pro·

124 449 209 508 didit.
255 450 281 507 si
303 450 473 524 perseverat
501 450 533 505 iu
560 466 627 506 mea
648 466 758 523 poene,
784 448 863 506 hunc
887 447 985 505 meter
1011 445 1131 506 occidet.

125 539 221 598 dicere
243 557 290 596 me
313 539 464 613 raptorem
490 555 577 595 nemo
600 535 726 595 debebat
751 538 820 611 post
842 535 1042 610 intervallum,
1065 537 1134 611 post

124 627 254 702 exilium,
276 629 427 702 postremo
447 620 556 704 (post)
578 625 682 685 fidium.
726 620 799 684 ‘non
822 620 889 695 est',
910 626 1019 700 inquit
1043 619 1132 684 ‘filius

124 710 215 776 tuus'.
267 717 380 791 nuptiis
411 716 490 774 enim
520 715 709 774 sollemnibus
743 733 804 773 nou
836 716 881 774 est
910 716 1007 774 natus.
1059 715 1159 777 civiss

124 823 208 883 ergo,
237 806 296 864 nisi
325 804 403 863 faces
427 804 594 864 accenderit
623 806 653 862 et
675 804 845 863 fescennina
868 804 1021 877 cecinerit,
1047 805 1134 878 pater

124 913 186 954 esse
215 913 274 952 non
303 895 422 969 poterit.
470 912 614 968 perquam
642 911 672 952 es
701 893 878 952 inhumane:
907 912 966 951 uon
995 895 1040 952 vis
1071 910 1133 951 esse

123 985 239 1058 patrem
263 984 315 1057 qui
337 984 367 1042 te
390 982 494 1041 fecerit
515 985 649 1040 matrem.

554 1203 702 1273 XLVII.

419 1330 486 1397 Vir
508 1329 617 1397 fertis
640 1328 678 1394 et
701 1328 835 1397 crater.

123 1461 179 1519 Vir
201 1461 287 1520 fortis
311 1464 342 1520 et
364 1464 464 1520 orator
487 1461 673 1520 consulatum
695 1453 844 1536 petebant.

190 1619 285 1689 Quam
308 1623 409 1680 vestra
426 1620 538 1680 iudicia
555 1621 623 1696 plus
647 1620 684 1678 ad
703 1622 853 1695 cuiusque,
875 1619 996 1694 iudices,
1018 1621 1132 1696 prospi-

124 1712 208 1769 ciunt
224 1710 333 1768 merita
346 1711 466 1786 privata
480 1728 570 1784 quam
583 1707 724 1785 publica?
741 1711 899 1786 postremo,
913 1710 993 1784 quod
1005 1709 1133 1768 maxime

124 1800 311 1858 voluntatem
342 1798 436 1874 plebis
466 1798 601 1872 offendit,
632 1817 737 1876 rogare
769 1817 829 1857 non
859 1800 952 1858 nosti:
986 1817 1070 1857 orare
1102 1800 1133 1857 et

124 1906 244 1946 exorare
267 1889 400 1947 nostrum
424 1889 468 1946 est
492 1888 544 1962 qui
565 1887 633 1946 hinc
658 1889 748 1947 etiem
771 1907 878 1949 nomen
901 1890 1075 1963 accepimus.
1146 1911 1171 1950 rs

543 2110 708 2178 XLVIII.
1145 2119 1184 2176 46

468 2227 622 2301 Adulter
643 2235 782 2303 uxoris.

121 2367 166 2423 Ex
189 2366 301 2426 duobus
325 2366 395 2425 filus
420 2366 506 2425 adteri
528 2385 650 2425 uxorem
677 2367 771 2440 dedit,
800 2367 876 2425 alter
898 2366 1004 2426 incidit
1025 2367 1058 2425 in
1081 2365 1131 2425 ud-

165 2474 280 2514 versem
303 2455 513 2514 valetudinem.
560 2454 667 2514 medici
691 2456 841 2530 dixerunt,
867 2457 960 2514 animi
983 2474 1045 2516 esse
1067 2456 1130 2515 lan·

165 2562 295 2622 guorem.
337 2545 492 2620 quaerenti
514 2546 595 2620 patri
617 2545 719 2604 fratris
742 2563 863 2602 uxorem
886 2564 917 2604 se
940 2564 1040 2604 amare
1063 2563 1130 2604 con·
1144 2567 1171 2606 so

166 2634 259 2692 fessus
284 2634 336 2692 est.
382 2634 460 2709 petit
481 2635 568 2708 pater
592 2652 609 2691 a
631 2632 706 2706 filio,
736 2637 771 2692 ut
792 2635 983 2692 matrimonio
1007 2632 1130 2694 cederet.

165 2723 348 2797 impetravit.
402 2724 539 2781 inventos
570 2723 602 2779 in
635 2721 781 2781 adulterio
810 2725 915 2798 postea
945 2723 1069 2781 fratrem
1101 2724 1131 2780 et

165 2828 287 2868 uxorem
311 2811 453 2870 secundus
475 2811 602 2869 maritus
626 2811 741 2870 occidit.
789 2810 943 2871 abdicatur
966 2814 1099 2886 epatre.

188 2967 259 3028 Sero
279 2989 335 3043 me,
354 2970 533 3029 sanctissimi
550 2970 671 3044 iudices,
695 2971 940 3048 abdicarepatet.
982 2973 1028 3030 ius
1052 2972 1130 3029 enim

120 3059 237 3117 adhoc
259 3058 349 3132 redit,
379 3060 414 3115 ut
436 3077 573 3118 excusare
601 3061 774 3136 compellar,
804 3080 863 3119 non
893 3060 971 3135 quod
999 3061 1129 3118 extrema
1143 3080 1169 3120 as

209 3209 309 3279 4post
322 3225 400 3263 reum
414 3209 503 3263 filium
518 3222 544 3277 33
564 3213 629 3280 post
642 3213 748 3267 addidi.
822 3211 967 3267 dcivesv
1037 3211 1128 3282 dfat-

120 3291 207 3334 cesc
276 3279 436 3354 sescentina
454 3281 607 3335 cecinerint
624 3292 651 3335 B

210 3357 243 3406 10
261 3353 372 3407 titulum
386 3369 436 3406 om.
451 3361 505 3405 Bo
558 3359 590 3406 12
605 3369 702 3421 quam:
722 3355 826 3422 quanto
844 3353 890 3407 Gr.
954 3353 1130 3424 prospiciunt

118 3424 270 3478 Dessauer:
289 3422 438 3492 proficiunt
456 3433 509 3477 Bc
580 3430 612 3477 14
631 3424 775 3478 voluntate
796 3435 817 3478 ο

209 3498 241 3548 18
262 3494 334 3549 alter
353 3506 379 3549 s:
399 3494 474 3547 inter
490 3504 545 3548 Bc
621 3502 653 3548 19
673 3495 817 3566 langorem
837 3505 858 3548 ο
928 3501 961 3548 22
981 3496 1129 3566 imperavit

121 3576 141 3618 ο
211 3565 382 3620 inventusc
457 3572 491 3618 24
509 3569 589 3635 patet
609 3579 636 3622 s:
655 3569 736 3636 patre
754 3576 808 3620 Be
880 3569 1010 3621 25ute:
1032 3570 1131 3622 etBe

933 3658 969 3708 3*
