2664 3920
570 164 720 219 Praefatio.
1113 167 1151 222 Xl

166 397 169 404 ¹
205 333 305 409 Atque
323 333 453 408 primum
471 333 621 409 exemplar
639 353 673 391 ex
692 351 751 408 quo
769 330 806 394 A
824 333 919 410 fluxit,
942 334 979 392 ab
999 352 1033 393 eo
1052 335 1147 394 diver-

138 444 205 483 sum
222 423 312 482 fuisse
336 422 415 498 quod
432 423 615 498 reliquorum
633 422 768 481 codicum
785 421 845 481 fuit
863 421 1051 500 archetypus
1075 424 1149 484 satis

139 514 339 589 exposuenmt
357 511 409 587 qui
427 512 463 569 de
481 511 666 571 recensendis
685 509 863 580 Quintiliani
883 512 1150 572 declamationibus

139 592 354 682 scripsenmt.¹)
393 619 483 676 quam
497 600 535 658 ad
547 619 611 658 rem
625 599 857 659 confirmandam
873 601 968 660 adieci
985 601 1064 660 hunc
1074 621 1150 666 vcon-

139 693 273 767 spectum
291 690 424 748 locorum
439 688 715 765 Calpurnianorum.
752 689 861 748 litteiis
878 689 1006 750 diductis
1021 693 1151 768 genuina

138 780 226 839 lectio
251 778 442 857 significatur.

359 918 397 982 A
859 913 959 1002 130²)

138 1050 165 1105 p.
188 1032 216 1103 1,
236 1029 254 1086 8
278 1028 380 1086 liberis
403 1045 456 1086 om.
670 1027 798 1087 liberis

138 1163 154 1194 „
188 1121 215 1192 1,
236 1121 253 1180 9
279 1121 413 1178 etcum
671 1121 703 1175 at
726 1135 795 1175 eum
819 1108 900 1197 (cum
918 1110 968 1197 B)

137 1253 154 1284 ,,
187 1208 275 1282 1,16
300 1206 427 1282 accipiat
449 1198 518 1287 (’)
671 1207 832 1282 accipiat

138 1323 162 1372 ,,·
188 1299 216 1370 2,
236 1298 254 1355 3
278 1295 386 1354 habet
671 1313 725 1353 om.
748 1294 840 1353 habet

139 1430 156 1461 ,,
187 1387 254 1459 2,4
278 1403 334 1443 nor
354 1385 502 1444 rationem
670 1403 739 1443 non
761 1385 941 1442 rationem

140 1518 157 1548 „
188 1476 276 1548 2,12
300 1473 488 1548 hispaniae
669 1472 824 1549 hesperiae

140 1607 157 1636 ‚‚
188 1564 275 1636 2,12
301 1562 396 1622 omnis
671 1579 790 1620 omnes

139 1695 156 1725 ,,
188 1653 405 1727 2131111111
671 1654 774 1726 parte

139 1785 156 1813 ,,
187 1741 276 1813 2,13
302 1759 370 1816 qua
672 1759 762 1815 quam

138 1872 156 1902 „
188 1830 276 1902 2,17
300 1829 437 1887 iudices
670 1829 798 1888 iudicem
821 1821 983 1910 (iudices*)

139 1963 155 1991 ,‚
186 1919 276 1992 2,19
300 1917 444 1977 miraris
670 1918 747 1976 mira
769 1937 817 1978 res

138 2051 154 2080 ,,
186 2009 215 2081 2,
234 2009 274 2065 21
299 2008 335 2066 11
359 2026 397 2066 eo
422 2010 476 2066 est
671 2007 770 2065 estin
794 2025 828 2066 eo

138 2141 154 2170 ,‚
185 2097 343 2170 310111
672 2095 745 2154 alte

138 2229 154 2259 ‚‚
183 2186 275 2260 3,10
299 2186 394 2245 livor
671 2184 757 2244 labor

138 2319 155 2349 ,,
186 2275 215 2350 3,
235 2275 275 2332 24
300 2274 402 2334 erede
671 2275 758 2333 credo

138 2409 154 2438 ,,
186 2364 215 2437 3,
234 2365 276 2421 24
301 2367 331 2422 et
354 2383 368 2420 e
392 2363 592 2423 iudicasset
672 2363 711 2420 de
734 2366 768 2422 tc
792 2362 938 2422 iudicasse

138 2497 153 2529 ,,
185 2453 462 2528 4‚9parricida
498 2471 617 2512 carce·
671 2452 787 2510 titubata
809 2470 862 2510 om.

278 2561 351 2600 rem
374 2544 499 2618 petens

138 2674 154 2703 ,,
186 2631 275 2704 4,14
318 2649 457 2690 excusare
500 2634 618 2690 testume
671 2648 839 2690 recusare

317 2719 433 2778 Pithoeo

138 2904 154 2934 ‚,
185 2861 274 2932 4,16
298 2829 515 2920 1111111111
670 2881 764 2921 meos
788 2879 881 2920 annos
902 2853 996 2942 (meos
1021 2851 1150 2940 annus*)

138 2993 154 3022 ,,
185 2950 274 3022 4,17
299 2950 472 3026 gemitum
494 2951 616 3009 miseri
669 2950 811 3010 miserum
833 2950 893 3008 mei
915 2952 1061 3027 gemitum

137 3083 153 3112 ,,
184 3040 274 3111 4,19
300 3038 508 3116 adstringat
671 3040 817 3116 astringet

137 3172 154 3201 ,,
184 3129 214 3201 4,
234 3128 275 3186 20
299 3128 360 3185 iam
383 3146 436 3186 om.
669 3130 739 3187 iam

208 3319 234 3385 1)
253 3315 293 3369 Of.
313 3315 417 3369 Ritteri
435 3315 640 3384 praefationem
659 3319 687 3370 et
706 3316 823 3382 Fleiter,
847 3316 882 3370 dc
905 3311 1059 3366 minoribus
1079 3329 1152 3381 quae

137 3385 187 3439 sub
206 3388 319 3442 nominc
338 3383 505 3451 Quinffliani
523 3387 653 3442 femntur
671 3385 932 3451 declamationibus,
951 3403 978 3453 p.
995 3389 1028 3438 16
1039 3402 1099 3454 sqq.

207 3461 233 3528 2)
253 3458 424 3523 Quibuscum
442 3459 491 3512 ubi
508 3459 684 3514 Monacensis
699 3464 750 3514 316
765 3461 794 3513 ct
807 3456 956 3512 Bemensis
972 3455 1151 3522 dissentiunt,

136 3527 149 3556 *
168 3531 297 3598 apposito
316 3530 401 3585 lectio
420 3531 471 3585 illa
490 3531 589 3585 addita
608 3533 658 3584 cst.
