2664 3920
420 129 726 187 DECLAMATIONES
745 131 865 186 v-vn.
1129 135 1147 197 Ἰ

135 304 205 376 tias,
228 301 279 361 sed
301 301 370 360 inde
392 303 514 360 uenisti:
537 303 683 360 venerunt
703 302 848 376 epistulae
871 303 1053 361 oonseoutae.
1099 303 1150 361 sed

137 411 191 451 our
208 391 243 450 de
261 391 380 467 publico
399 392 481 450 statu
499 390 640 449 mandare
658 391 771 465 hospiti
790 387 909 450 noluit?
930 392 1045 466 putatis
1063 391 1150 450 illum

136 477 372 541 eontradinisse?
404 480 553 539 confessus
583 481 636 538 est.
682 480 832 538 sceleratis
861 481 989 557 ingeniis
1021 482 1052 538 et
1082 481 1150 555 plus

138 588 228 646 quarn
258 569 360 629 civilia
389 568 576 643 cupientibus
603 587 663 627 non
695 568 844 626 dominari
872 571 968 628 instar
997 570 1150 628 servitutis

137 662 190 719 est.
235 658 412 734 iampridem
439 651 497 736 [te]
522 659 584 716 arei
607 659 727 716 nostrae
755 660 808 716 tua
831 658 953 717 fortuna
978 659 1176 717 minitatur:s

137 766 227 824 supra
246 749 365 807 civilem
382 747 459 806 hano
477 749 738 823 peraequationem
758 746 881 806 divitiae
899 749 930 805 te
949 748 1148 808 elevaverunt.

136 856 197 896 non
220 838 282 897 sine
306 837 439 912 exemplo
464 835 610 896 timemus.
656 837 689 894 in
706 835 819 894 Manlio
845 836 996 912 quondam
1018 837 1150 913 potuisse

137 927 311 986 damnatum
334 927 386 985 est

496 1047 598 1107 PARS
621 1047 790 1107 ALTERA.

198 1176 268 1234 Non
281 1175 423 1252 intellego
438 1174 686 1250 quemadmodum
697 1168 886 1250 infame<n>t
898 1175 958 1233 ista
972 1176 1150 1233 sententiam
1165 1195 1190 1236 ιο

137 1283 242 1323 meam.
284 1283 338 1341 ego
362 1265 389 1323 si
411 1263 531 1324 auditus
554 1281 659 1337 essem,
682 1263 734 1320 ille
757 1281 817 1321 non
840 1265 917 1321 esset
939 1264 1060 1322 oooisus.
1105 1266 1150 1321 in-

137 1354 240 1429 quieta
269 1371 316 1411 res
339 1354 384 1412 est
405 1353 493 1411 horno
514 1354 566 1411 oui
593 1353 656 1409 ianr
683 1353 715 1409 in
743 1350 871 1410 deterius
903 1351 980 1409 nihil
1009 1354 1150 1427 superest.

137 1443 240 1520 egerat
262 1460 377 1500 meeum
398 1441 462 1500 illio
487 1440 582 1499 multa
606 1440 641 1498 de
664 1439 819 1514 iudicibus,
842 1441 878 1499 de
899 1441 1066 1518 ignominia
1089 1459 1150 1500 sua.

137 1531 261 1606 prodam
274 1582 279 1592 ,
294 1549 411 1590 neeesse
446 1533 491 1589 est
520 1529 642 1589 effeetus
676 1529 804 1604 hospitis
838 1531 909 1587 mei:
943 1530 999 1588 hoo
1028 1532 1152 1605 tyranni

137 1619 301 1678 videbatur.
1165 1638 1190 1679 15

604 1771 686 1839 VII.

474 1894 582 1963 Divos
604 1895 813 1978 imperator.

136 2028 256 2104 Pauper
279 2030 309 2086 et
332 2027 414 2087 dives
441 2028 564 2086 inimici.
610 2030 736 2104 pauperi
763 2029 821 2087 duo
844 2027 908 2086 fiJii.
954 2028 1035 2087 dives
1057 2030 1150 2104 impe-

180 2119 264 2176 rator
287 2119 410 2176 oreatus.
456 2133 558 2175 rumor
581 2119 663 2176 ortus
687 2119 732 2176 est
759 2117 846 2192 prodi
871 2135 935 2175 rem
959 2117 1110 2191 publicam
1134 2137 1151 2176 a

181 2208 323 2283 pauperis
340 2205 420 2266 filiis.
456 2207 616 2281 utrumque
633 2208 775 2280 torquens
793 2207 1005 2283 pernegantem
1024 2207 1149 2264 necavit.
1164 2227 1190 2266 ao

181 2313 305 2371 corpora
329 2313 430 2353 eorum
453 2297 537 2353 extra
559 2296 673 2353 vallum
695 2297 790 2371 proioi
811 2296 909 2354 iussit.
954 2313 1029 2370 quae
1051 2295 1150 2354 hostes

182 2385 361 2460 sepelierunt
375 2387 406 2443 et
418 2387 609 2443 recesserunt.
646 2403 761 2460 pauper
774 2386 893 2443 aoousat
907 2383 1031 2442 divitem
1044 2384 1150 2442 oaedis.

203 2545 374 2620 Nunquam,
396 2544 517 2617 iudices,
541 2545 644 2602 eontra
662 2546 754 2602 istum
772 2542 868 2602 tutior
886 2545 962 2602 veni.
1010 2544 1151 2619 quioquid

139 2634 250 2692 auferri
268 2634 376 2709 potuit,
396 2635 491 2693 amisi.
529 2634 586 2692 soli
600 2635 732 2692 omnium
749 2635 823 2691 torti
837 2635 915 2706 sunt,
934 2633 1026 2692 donee
1044 2635 1150 2691 menti·

138 2724 247 2780 rentur.
297 2724 342 2780 ita
377 2723 507 2782 laniatos
543 2724 678 2797 miseros,
715 2723 759 2780 ita
796 2722 926 2781 confusis
962 2722 1150 2781 lineamentis
1165 2741 1190 2780 as

139 2812 235 2887 proioi
256 2812 357 2882 iussit,
384 2813 419 2870 ut
445 2814 506 2870 iam
534 2831 587 2870 neo
611 2814 698 2886 pater
720 2813 821 2886 posset
848 2828 1015 2888 agnoscere.
1060 2813 1150 2868 mira-

138 2901 222 2972 mini,
245 2901 271 2958 si
294 2899 331 2958 ab
353 2900 488 2960 hostibus
511 2901 622 2976 sepulti
644 2898 733 2960 sunt?
758 2901 856 2958 nullos
880 2902 922 2959 sio
946 2899 983 2957 ab
1006 2900 1064 2958 isto
1089 2915 1150 2958 esse

137 2991 233 3049 tortos
259 2989 318 3047 nisi
341 2991 474 3064 captivos
497 2991 645 3064 putarent.
691 2988 857 3066 proditores
877 2990 967 3064 putas
991 3005 1064 3062 quos
1087 2990 1151 3045 tam

228 3158 338 3212 lunde
354 3157 401 3213 Gr.
475 3165 538 3212 aute
557 3159 722 3212 oonseontae
740 3155 808 3212 odd'
824 3159 853 3210 te
874 3157 921 3212 Gr.
985 3157 1047 3210 ote
1066 3156 1152 3210 delevi

138 3230 197 3284 arci
222 3231 348 3284 nostrae:
375 3228 509 3283 archonte
534 3239 557 3281 Δ
584 3235 697 3284 testante
722 3230 835 3285 Pithoeo
977 3227 1101 3281 minatur
1125 3236 1153 3280 Β

139 3301 319 3356 deleverunt
336 3309 365 3353 B
444 3305 477 3353 10
495 3300 634 3355 infament
653 3313 679 3354 s:
699 3300 818 3354 infamet
835 3309 889 3354 Bc
972 3299 1028 3352 ista
1046 3316 1096 3354 om.
1111 3307 1150 3366 133

138 3389 212 3426 mors
230 3373 361 3427 Pithoeus
434 3378 466 3426 13
485 3371 558 3427 illio:
577 3372 626 3426 ille
648 3372 695 3426 Gr.
770 3377 803 3424 14
821 3369 948 3438 tyrannis
967 3379 1022 3424 Bo

226 3449 261 3497 20
278 3441 394 3512 negavit
414 3454 440 3511 ο,
458 3459 525 3500 corr.
541 3465 558 3496 ο
654 3449 688 3497 25
707 3440 897 3497 limamentis?
917 3451 938 3494 0
1030 3445 1063 3494 27
1083 3439 1107 3493 si
1125 3450 1154 3494 Β

139 3519 173 3567 28
191 3516 327 3584 putarunt
347 3515 395 3572 Gr.
