2664 3920
372 120 677 176 nnoinnsmoims
696 121 917 176 xxvi-xxm.
1107 125 1152 190 25

184 290 436 364 correcturum,
459 291 485 350 si
507 290 564 350 sibi
582 310 660 350 mors
679 292 818 368 pauperis
841 290 1053 350 decerneretur.
1094 293 1152 352 De-

186 382 267 440 creta
285 383 337 440 est
379 379 466 442 ambo
484 382 690 456 processerunt
711 381 744 439 in
761 380 915 454 proelium.
956 399 1071 456 pauper
1092 381 1151 440 for-

185 470 257 528 titer
279 469 359 544 fecit,
382 469 464 530 dives
483 469 620 530 deseruit.
665 469 744 544 petit
760 487 874 544 pauper
893 471 1025 556 praemio
1048 469 1151 530 divitis

185 559 428 617 incolumitatem.
471 558 552 617 dives
576 558 761 617 contradicit.

209 697 279 758 Sero
309 700 407 775 coepit
435 700 484 758 hic
512 700 612 778 miles,
648 699 772 774 iudices,
801 702 927 758 mortem
957 703 1179 762 contemneret

142 807 196 867 ego
223 791 317 867 tacui,
348 808 415 847 cum
441 790 570 864 peterer3
598 789 647 847 hic
676 789 775 846 vivere
803 788 921 848 iubetur
951 792 982 847 et
1009 792 1151 865 queritur.

142 879 295 954 expectavi
323 878 373 936 diu
401 878 538 951 divitem,
565 879 599 935 ut
621 877 672 935 ille
699 876 798 952 potius
823 878 902 952 quod
924 880 1075 954 promisit,
1097 881 1151 937 im-

140 967 243 1042 pleret.
286 966 323 1026 ab
346 967 411 1042 ipso
435 985 551 1043 quoque
574 965 667 1025 divite
690 968 765 1025 inire
788 966 878 1025 debeo
901 971 1062 1026 maximam
1085 989 1152 1046 gra·

140 1058 228 1118 tiam:
252 1055 331 1131 quod
348 1055 400 1113 ille
419 1055 552 1130 debebat,
575 1075 628 1132 ego
648 1056 731 1114 solvi.
777 1055 856 1113 idem
873 1057 906 1114 in
923 1060 1055 1132 praemio
1074 1057 1151 1127 facio

141 1145 220 1220 quod
242 1145 273 1202 in
297 1145 422 1219 proelio:
453 1164 536 1204 servo
565 1145 672 1220 civem,
703 1145 933 1203 commilitonem
963 1165 1062 1204 meum
1084 1166 1151 1222 pro·
1167 1168 1194 1206 1o

140 1236 217 1312 tego.
264 1233 341 1291 idem
365 1235 422 1292 eris
445 1235 477 1291 in
500 1253 607 1292 aevum
630 1234 681 1310 qui
705 1251 841 1308 supremo
865 1233 912 1292 die
934 1233 1033 1293 fueris.

533 1447 536 1455 Δ
560 1456 735 1524 XXVIII.

336 1599 443 1667 Dirce
466 1598 576 1668 fortis
598 1599 768 1665 inimicus
792 1599 955 1666 duorum.

141 1722 231 1780 Dives
255 1721 366 1780 duobus
389 1721 568 1797 pauperibus
586 1722 722 1780 iuimicus
739 1724 880 1797 promisit
897 1741 928 1781 se
951 1723 1070 1781 fortiter
1092 1723 1152 1782 fac·

184 1814 298 1885 tinum,
329 1811 354 1868 si
381 1811 439 1870 sibi
467 1829 546 1869 more
575 1813 662 1870 unius
692 1811 905 1870 decerneretur.
952 1811 1070 1871 decreta
1099 1814 1193 1870 est.1⁵

185 1900 262 1958 alter
285 1897 315 1958 O.
335 1899 371 1957 D.
414 1899 495 1958 dives
514 1900 632 1958 fortiter
654 1901 732 1959 fecit.
774 1901 852 1975 petit
870 1902 1003 1976 praemio
1027 1903 1152 1959 mortem

184 1989 266 2049 illius
290 1989 339 2063 qui
364 1989 591 2048 contradixerat.
633 1989 710 2047 elter
733 1987 763 2046 0.
783 1989 818 2047 D.

205 2131 270 2208 Ego
294 2131 414 2206 quidem
437 2131 527 2189 verbe
549 2132 681 2190 fecturus
704 2133 735 2188 in
759 2132 881 2189 alterius
904 2131 1035 2206 periculo
1059 2150 1153 2206 nuper

139 2221 170 2278 in
200 2239 265 2278 meo
293 2221 388 2294 tacui,
418 2239 485 2279 cum
513 2222 679 2296 praemium
708 2220 823 2295 peteret
850 2221 995 2278 iniustum
1025 2220 1077 2296 qui
1099 2239 1153 2295 per

139 2310 218 2387 leges
248 2309 373 2368 necdum
402 2311 503 2384 posset
532 2311 632 2384 petere
661 2309 710 2366 vel
738 2309 858 2366 iustum.
910 2327 964 2383 per
993 2310 1040 2366 tot
1068 2310 1152 2368 inuo-
1166 2331 1198 2370 so

140 2400 269 2458 centium
299 2400 400 2473 capita
430 2399 595 2474 grassatur:
630 2397 708 2456 hunc
738 2397 894 2472 relinquit,
923 2397 1001 2457 hunc
1031 2399 1152 2473 arripit3

139 2487 217 2547 hunc
239 2489 346 2546 timore
368 2488 465 2563 punit,
488 2486 566 2546 hunc
588 2488 691 2546 morte.

579 2708 716 2777 XXIX.

206 2850 328 2918 Fortis
351 2851 449 2919 dives
471 2851 613 2918 inimici
635 2851 788 2918 alteram
810 2851 924 2918 tiliam
946 2852 1081 2935 petens.

140 2972 259 3050 Pauper
281 2974 312 3031 et
334 2973 416 3032 dives
441 2976 562 3034 inimici.
604 2977 730 3050 pauperi
757 2975 832 3034 duae
859 2974 946 3033 filice.
988 2973 1060 3032 belli
1077 2975 1151 3032 tem-
1166 2995 1193 3035 ao

183 3081 255 3138 pore
282 3063 421 3137 promisit
448 3081 479 3122 sc
507 3063 588 3122 dives
616 3064 735 3122 fortiter
756 3065 918 3138 facturum,
946 3065 1025 3122 siin
1048 3063 1151 3121 matri-

228 3215 373 3283 6pctorer
389 3256 394 3266 .
411 3256 416 3267 .
433 3256 438 3266 .
454 3213 501 3267 hic
519 3215 631 3285 (lacuna
650 3219 668 3268 3
687 3216 848 3284 litterarum)
870 3225 891 3267 ο
996 3213 1101 3268 9solvi
1119 3231 1152 3269 ec

140 3285 206 3340 silui
224 3287 265 3342 vel
284 3285 356 3340 solui
370 3294 398 3337 B
475 3291 506 3338 11
527 3285 602 3340 idem
616 3303 684 3354 epp:
704 3285 768 3339 ideo
786 3301 864 3340 meus
878 3283 942 3352 eris,
961 3285 1088 3354 quamvis
1107 3302 1152 3338 su-

139 3373 235 3426 premo
254 3356 300 3411 die
319 3356 445 3426 fungeris
464 3357 606 3428 Sebatum
697 3366 868 3426 supremae

230 3434 263 3483 16
282 3435 307 3482 et
327 3433 359 3481 17
379 3426 546 3482 contradicit
564 3436 592 3480 B
663 3433 695 3480 21
717 3428 856 3481 crassatur
876 3437 897 3480 ι·

229 3505 263 3552 24
281 3498 368 3558 fortes
389 3510 410 3552 ι’
478 3497 551 3567 petit
568 3507 596 3551 B
