2664 3920
385 125 690 181 DECLAMATIONES
709 127 931 181 XXIV-XXVI.
1120 129 1163 193 23

596 341 709 410 XXV.

345 474 347 482 ’
449 483 573 552 Fortis
595 484 665 552 due
688 485 859 568 praemia.

147 616 228 674 Vrao
247 632 339 675 nourr
357 629 419 675 nvo
439 633 582 674 nannum.
621 633 786 675 Rauranum
804 634 871 675 unx.
891 632 993 674 ronna
1011 633 1161 674 ananelus

191 723 223 762 m
245 723 323 762 amu
350 722 539 764 rmensruvn
566 722 769 764 nmrnanrvn.
815 724 850 763 ex
878 705 991 764 duobus
1019 704 1162 764 fratribus

191 811 267 852 unus
289 796 399 869 rapuit.
437 797 526 870 rapta
548 796 674 854 mortem
698 796 822 870 optavit.
868 813 964 869 poena
987 794 1082 853 dilata
1109 796 1189 854 esta

192 883 268 941 alter
290 883 410 942 fortiter
427 884 507 942 feeit.
552 886 649 959 primo
672 885 805 957 praemio
824 885 902 958 petit
923 885 1026 942 statiis
1049 885 1161 942 ineolu-

190 974 335 1030 mitatem.
377 974 559 1047 impetravit.
601 972 727 1032 seeundo
747 974 852 1047 raptae
875 975 1001 1031 mortem
1019 974 1161 1048 postulat.

191 1061 284 1120 frater
307 1061 492 1120 contradicit.

213 1203 294 1260 Dum
317 1203 378 1262 dies
402 1206 540 1279 computo
565 1209 595 1262 et
618 1221 636 1261 a
659 1205 746 1278 rapta
769 1202 880 1260 bonum
904 1205 1044 1261 nuntium
1066 1223 1160 1278 spero,

146 1291 245 1352 subito
268 1293 426 1350 nuntiatur
444 1293 568 1351 fratrem
586 1311 685 1350 meum
708 1293 823 1350 venisse
846 1293 997 1349 viatorem.
1035 1294 1162 1367 petitam
1176 1311 1202 1351 ιο

16 1405 56 1454 ,ν
147 1381 222 1439 mihi
245 1384 275 1438 et
297 1383 416 1439 veniam
433 1383 540 1456 putavi
557 1382 672 1456 pariter
690 1383 720 1438 et
738 1382 866 1455 nuptias.
913 1398 967 1438 nee
988 1380 1031 1438 dii
1053 1380 1162 1454 sinant,

147 1472 182 1528 ut
205 1463 424 1548 eon[tro]verso
439 1473 503 1528 iure
516 1488 571 1545 pro
586 1472 706 1544 raptore
719 1472 807 1544 rapta
822 1471 969 1527 teneatur,
989 1497 991 1502 ·
1009 1468 1163 1528 Interdum

146 1559 281 1634 praestat
304 1559 342 1617 ad
365 1560 492 1638 gloriam
515 1577 575 1617 non
598 1560 711 1616 dertare
734 1577 824 1633 quam
847 1560 972 1616 vincere.
1018 1577 1081 1636 ege,
1105 1561 1163 1617 nisi

147 1646 234 1706 rebus
266 1649 339 1722 ipsis
371 1648 493 1706 ostendo
524 1647 604 1721 quod
633 1649 745 1719 amavi,
776 1646 916 1706 confiteor
944 1649 1085 1706 iniuriam
1115 1667 1162 1706 me

147 1737 250 1794 fecisse
279 1735 358 1811 quod
385 1739 480 1810 rapui.
525 1736 574 1793 lex
601 1735 689 1794 dixit:
705 1739 838 1795 'airaon
865 1754 926 1796 nvn
953 1754 1074 1794 raanan
1101 1755 1162 1796 nvn
1176 1755 1202 1795 15

147 1842 259 1883 nvcnr.
301 1844 370 1902 ergo
398 1827 513 1899 raptori
541 1825 567 1883 si
592 1844 688 1900 poena
716 1824 891 1899 dimittitur,
919 1828 1007 1900 rapta
1031 1825 1161 1885 debetur.

587 2029 720 2098 xva.

405 2173 491 2238 Tria
512 2173 674 2256 praemia
697 2173 904 2240 sacerdotis·

146 2303 227 2362 Vmo
246 2321 339 2362 roam
357 2322 525 2363 paanmvn.
571 2322 720 2374 vrcanrvu
738 2320 859 2362 nonnae
881 2321 993 2362 niuniu
1013 2321 1160 2362 deunana.

192 2409 351 2452 sacnnnos
374 2409 488 2450 unauna
511 2411 683 2451 namuurum
710 2411 849 2450 urrunnu.
896 2392 1031 2452 sacerdos
1055 2393 1202 2452 Martisue

192 2482 310 2541 fortiter
332 2481 412 2540 feeit.
456 2483 517 2540 tres
540 2481 627 2540 liberi
654 2484 717 2540 eius
743 2481 941 2541 deseruerunt.
987 2502 1079 2540 unum
1102 2501 1161 2541 ser-

192 2573 276 2629 vavit
298 2571 456 2648 privilegio
480 2570 650 2643 sacerdotii,
679 2571 807 2629 alterum
829 2573 961 2646 praemio
985 2573 1043 2629 viri
1065 2572 1161 2629 fortis.

193 2658 278 2717 offert
301 2678 331 2718 ee
354 2679 408 2734 pre
432 2662 521 2718 tertio
544 2661 698 2718 vicarium.

215 2800 344 2859 Faassius
363 2802 461 2860 fuerat
479 2803 616 2860 amittere
634 2800 711 2860 filios
731 2821 821 2878 quam
842 2803 958 2880 eligere.
1004 2803 1057 2860 hos
1083 2803 1160 2859 enim

148 2907 255 2966 pueros
284 2892 316 2947 in
350 2890 422 2964 ipsis
457 2893 547 2949 saeris
577 2891 664 2948 deum
695 2891 725 2948 et
764 2890 907 2949 altaribus
940 2890 1072 2949 educavi.
1126 2909 1160 2949 ea
1175 2908 1201 2948 aa

147 2981 271 3056 propter
288 2979 377 3037 nimis
394 2978 487 3038 fietus
507 2979 624 3038 auxiliis
650 2978 771 3039 deorum
793 2981 825 3036 in
850 2981 943 3037 aaiem
961 2979 1032 3036 duxi
1054 2998 1160 3053 pueros

148 3068 245 3128 adhue
267 3071 392 3140 teneros,
415 3086 541 3142 quorum
558 3071 645 3143 pater
664 3068 736 3127 adeo
755 3069 870 3127 iuvenis
893 3067 1032 3126 inventus
1051 3070 1104 3140 est,
1127 3071 1162 3126 ut

238 3223 253 3270 3
272 3216 474 3272 RAPTORVM
494 3228 548 3272 Bo
602 3225 618 3272 4
637 3219 667 3272 in
683 3219 760 3272 diem
775 3218 851 3271 XXX
867 3229 898 3284 03
919 3217 950 3270 in
967 3217 1027 3272 dies
1044 3217 1120 3271 XXX
1136 3228 1164 3271 Β

149 3288 279 3342 edelata
291 3298 346 3343 Bc
417 3296 449 3343 14
468 3289 622 3344 confitebor
637 3301 658 3343 ο
728 3295 761 3342 16
781 3289 864 3342 durat
882 3300 903 3342 ι’
973 3289 1127 3344 remittitur
1146 3301 1162 3340 ς

149 3362 248 3428 raptae
267 3369 331 3427 1103
350 3377 417 3415 corr.
435 3361 482 3415 Gr.

238 3437 271 3484 22
292 3431 430 3486 sacerdoti
450 3442 481 3496 ος
501 3433 654 3486 sacerdotia
673 3440 701 3483 Β
782 3435 814 3482 26
834 3429 922 3483 fretur
942 3441 963 3484 ο
1041 3435 1073 3484 27
1093 3445 1164 3498 quo-

150 3519 213 3555 rum
231 3519 265 3556 ea
282 3510 436 3558 correctura
454 3512 482 3555 Β
