2664 3920
190 175 216 230 X
622 175 771 232 Praefatio.

223 359 225 369 ·
283 345 368 414 Quod
391 346 416 405 si
439 363 509 405 vero
533 345 631 405 Ritter
652 348 731 406 recte
753 346 838 421 vidit,
862 348 892 404 et
913 343 950 406 B
972 366 1008 404 ex
1026 347 1134 406 'eodem
1157 366 1202 408 co-

192 434 257 494 dice
277 433 399 494 Senensi
423 435 568 512 originem
585 435 688 508 trahit,
711 435 822 511 quippe
846 435 896 510 qui
918 435 1066 495 artissimo
1084 436 1202 496 vinculo

193 543 259 583 cum
285 521 314 585 0
333 524 507 584 coniunctus
531 525 583 598 sit3
611 525 647 584 ci.
666 524 765 582 Ritter
786 543 815 599 p.
833 523 1059 584 XIV-—XVIIL
1100 529 1203 584 utrum

191 613 337 690 Ugoletus
364 615 462 688 ipsum
485 609 522 672 B
544 612 765 672 describendum
793 616 880 672 etex
908 631 943 672 eo
968 613 1063 673 denuo
1092 632 1202 674 norum

193 701 345 777 exemplar
372 701 557 760 efficiendum
585 701 745 777 curaverit,
773 721 808 761 ex
836 721 894 778 quo
921 702 1013 761 editio
1040 722 1094 762 sua
1120 703 1202 780 typis

191 791 396 866 mandaretur,
424 790 456 848 id
479 791 558 866 quod
585 789 683 850 Ritter
710 791 767 850 sibi
793 793 954 868 persuasit,
981 811 1085 868 necne,
1114 793 1201 851 hodie

192 880 357 956 disceptare
376 879 542 955 nequimus.
587 879 643 940 hoc
665 882 784 938 tantum
802 882 915 940 certum
937 880 1031 940 estid
1053 900 1121 940 eum
1143 900 1201 940 non

192 969 416 1028 demonstrasse.
469 968 659 1028 verisimilius
689 971 735 1027 est
763 988 799 1028 ne
829 969 915 1028 illum
945 969 1063 1044 quidem
1092 971 1202 1028 librum

192 1076 250 1134 quo
273 1076 344 1116 usus
367 1057 514 1117 Rudolfus
541 1056 682 1134 Agricola
706 1049 955 1138 (raus—1485)
978 1059 1086 1118 laudat
1104 1060 1202 1118 locum

192 1166 227 1205 ex
242 1145 420 1215 Quintiliani
433 1146 647 1205 declamatione
663 1147 726 1206 263
740 1138 808 1226 (75,
819 1147 837 1230 3
847 1167 909 1223 sqq.
921 1137 971 1226 R.)
986 1147 1201 1224 depromptum,

193 1235 342 1295 diversam
374 1251 436 1294 csse
468 1235 504 1293 ab
537 1235 698 1310 exemplari
729 1235 858 1294 Senensi.
911 1236 1050 1296 abhorret
1081 1255 1151 1296 saue
1183 1257 1202 1296 e

192 1325 329 1384 veritatis
359 1324 455 1400 specie
483 1326 591 1400 putare
621 1343 688 1384 eum
717 1325 850 1384 hausisse
880 1345 916 1384 ex
947 1325 1042 1385 altero
1072 1326 1202 1385 eiusdem

194 1414 445 1473 declamationum
463 1413 646 1474 collectionis
669 1413 768 1473 codice
785 1414 961 1490 praesertim
982 1414 1015 1472 in
1034 1413 1201 1488 Germania,

192 1503 245 1562 ubi
267 1503 384 1561 nullum
408 1502 532 1562 alterius
554 1503 697 1562 habemus
719 1505 887 1580 vestigium.

258 1591 329 1650 Alia
343 1591 396 1649 illa
415 1592 451 1649 de
465 1592 615 1651 veteribus
633 1591 781 1651 codicibus
800 1592 971 1652 testimonia
991 1611 1066 1668 quae
1081 1593 1202 1670 collegit

192 1679 292 1739 Ritter
317 1700 347 1756 p.
365 1679 469 1752 XVIII
478 1699 550 1756 sqq,
573 1681 629 1739 hoc
651 1680 716 1740 loco
743 1683 879 1740 omittere
906 1681 1009 1757 liceat,
1037 1700 1103 1740 cum
1130 1683 1201 1758 quia

191 1771 261 1827 sunt
283 1769 381 1827 minus
409 1772 502 1844 certa,
528 1772 595 1828 tum
621 1770 692 1845 quia
714 1770 810 1829 solum
837 1771 875 1829 ad
898 1769 1116 1840 Quintilianum
1141 1790 1202 1830 non

191 1859 282 1920 etiam
306 1858 344 1916 ad
367 1857 561 1932 Calpurnium
584 1860 728 1934 spectant,

259 1947 456 2006 Transeamus
485 1945 579 2024 igitur
606 1947 644 2006 ud
672 1947 876 2022 quaestionem
903 1949 987 2008 illum
1010 1949 1118 2007 summi
1139 1967 1201 2008 mo-

191 2037 285 2094 menti
305 2055 395 2112 quam
412 2036 445 2093 in
459 2035 660 2110 disputatione
676 2036 712 2094 de
731 2034 829 2094 codice
844 2036 966 2096 Senensi
984 2038 1123 2096 instituta
1140 2038 1202 2096 iam

194 2123 360 2202 attigimus,
384 2143 442 2201 quo
461 2125 579 2184 vinculo
599 2125 713 2184 codices
732 2125 842 2184 servati
860 2125 938 2184 inter
958 2145 988 2185 se
1012 2128 1114 2186 conexi
1133 2128 1200 2186 sint

201 2237 203 2242 ’
262 2213 327 2283 Qua
341 2215 373 2271 in
386 2234 418 2273 re
427 2214 588 2273 tenendum
602 2216 647 2273 est
661 2214 862 2273 omnaslibros
877 2234 911 2272 ex
925 2215 1027 2275 eodem
1041 2217 1201 2292 archetypo

191 2303 309 2362 fluxisse
328 2304 380 2362 sed
393 2303 446 2377 ita,
464 2305 499 2361 ut
513 2323 548 2360 ex
562 2303 676 2362 duobus
689 2303 905 2378 exemplaribus
919 2304 1065 2382 originem
1083 2305 1200 2364 ducant.

191 2392 269 2538 Ἤῇο
302 2394 402 2450 autem
434 2411 509 2467 quae
541 2392 621 2451 inter
648 2392 779 2470 singulos
806 2392 984 2469 intercedat,
1010 2395 1066 2454 hac
1096 2394 1201 2453 tabula

190 2481 201 2538 i
225 2484 369 2540 nstrctur:

364 2615 533 2686 archetypus

676 2741 693 2812 β
706 2739 805 2809 (codex
824 2739 953 2796 Senensis
959 2742 981 2810 P)

739 3541 915 3597 Monacens1s
930 3547 981 3596 316
1035 3541 1182 3596 Bemcnsis
