2664 3920
187 167 206 230 8
522 163 716 220 CALPVRNII
733 164 859 221 mccl

184 337 291 396 misere
318 337 440 411 tamque
472 334 630 396 crudeliter
658 336 779 410 punitos
810 335 905 394 hostis
936 354 996 394 non
1023 335 1195 394 vindicavit.

185 423 333 501 Pauperes
352 426 446 498 mant,
464 425 572 500 inquit,
591 426 621 483 et
638 424 705 482 ideo
723 426 845 499 potuere
864 425 1021 500 eorrumpi.
1062 443 1125 502 age,
1138 425 1197 499 qui

184 515 280 572 nescit
312 513 381 573 illos
414 513 481 573 ideo
515 515 626 589 perisse
661 513 740 588 quod
769 512 891 572 divitias
925 515 1015 573 nimis
1051 511 1196 574 oderant?

184 621 273 679 super
294 604 395 680 ignem
418 620 523 679 corpus
547 601 724 678 extenditur,
750 604 780 661 et
801 604 879 661 irato
902 603 1078 678 imperatori
1098 604 1196 662 tortor

158 711 245 752 enon
267 691 390 750 sufficit:
413 692 520 766 mitur,
543 693 573 751 et
593 691 712 769 flogella
734 691 853 768 ignibus
872 691 1060 750 adiuvantur.
1106 709 1194 766 quae·

183 781 251 840 ritis
281 778 414 840 exitum?
442 782 625 858 pernegavit
674 781 772 839 tortor
802 782 940 840 inimicus
969 783 1084 854 temen,
1116 779 1195 856 quod

184 869 353 945 quaerebat,
371 870 487 928 invenit
504 887 559 928 nos
576 869 752 946 proditores,
776 871 829 944 qui
845 888 899 945 pro
918 871 957 944 te,
975 871 1084 945 patria,
1102 871 1195 930 etiam

185 958 238 1016 sub
261 959 319 1017 isto
342 958 546 1018 militavimus.

542 1152 643 1211 PARS
666 1151 835 1211 ALTERA.
898 1147 905 1160 ’

144 1299 170 1338 10
250 1277 349 1356 Negas
381 1278 512 1353 potuisse
546 1274 717 1353 corrumpi?
749 1295 894 1353 pauperes
923 1277 1051 1337 fuenmt.
1103 1295 1194 1356 negas

184 1367 313 1426 voluisse
341 1364 485 1443 prodere?
514 1368 638 1426 inimici
686 1367 754 1426 Non
783 1384 904 1442 possum
930 1367 988 1426 tibi
1015 1366 1195 1442 proditionis

185 1458 392 1536 argumentum
415 1455 519 1514 afferre
541 1457 734 1531 praesentius.
780 1454 928 1524 Quamdiu
950 1458 1058 1531 umere,
1080 1474 1193 1534 pugna-

183 1549 249 1604 tum
271 1547 323 1604 est.
366 1564 433 1604 cum
455 1545 530 1604 mihi
548 1547 654 1606 civitas
675 1544 831 1604 mandaret
852 1547 1011 1620 imperium
1034 1563 1092 1620 quo
1114 1545 1195 1608 malo

184 1634 344 1708 laboraret,
366 1635 521 1693 intellexit.
563 1636 774 1709 imperatorem
796 1653 843 1692 me
866 1635 938 1693 fecit
959 1636 1105 1694 inimicus.

144 1885 169 1925 rs
637 1855 740 1925 VIII.

435 1999 588 2066 Demens
610 1999 669 2066 ter
691 1998 936 2081 triumphalis.

184 2133 241 2191 Ter
263 2132 463 2208 triumphalis,
486 2133 533 2189 ter
551 2132 722 2204 consularis,
746 2149 813 2190 oum
830 2130 953 2203 haberet
970 2132 1079 2190 liberos
1102 2151 1195 2208 aeque

227 2222 274 2280 ter
295 2221 501 2298 triumphales,
523 2221 570 2280 ter
590 2220 767 2294 consideres,
790 2220 945 2296 suspendit
966 2239 1005 2280 se.
1051 2221 1194 2280 liberatus

229 2329 247 2369 a
269 2309 371 2369 liberis
396 2310 432 2369 ab
455 2309 561 2368 iisdem
583 2327 650 2368 reus
672 2308 708 2368 fit
729 2309 903 2369 dementiae.

145 2489 171 2530 so
252 2467 393 2528 Omnium
425 2469 631 2528 calamitatum
666 2470 793 2528 materia
830 2471 875 2528 cst
905 2470 993 2528 homo
1031 2469 1082 2528 diu
1114 2470 1193 2529 felir.

183 2560 320 2618 nesciunt
343 2560 421 2617 stare
445 2569 606 2632 successus,
631 2559 661 2616 et
683 2560 819 2634 quotiens
842 2557 960 2635 prodire
983 2559 1111 2618 felicitas
1134 2578 1194 2618 non

182 2649 289 2725 potest,
311 2648 397 2706 redit.
439 2650 515 2706 mori
537 2648 614 2707 volo.
657 2647 729 2724 quid
747 2667 794 2706 me
816 2649 878 2706 iam
900 2647 1021 2706 fortuna
1044 2645 1195 2708 custodit?

541 2859 641 2918 PARS
664 2859 832 2918 ALTERA.

251 2985 309 3043 Ter
336 2984 523 3044 consulatum
553 2985 683 3064 gessisti,
711 2987 757 3043 ter
788 2986 989 3060 triumphasti.
1035 2986 1106 3045 licet
1132 2987 1194 3044 iem

143 3095 169 3135 as
182 3074 257 3134 velit
286 3072 407 3132 fortuna
434 3074 560 3149 mutari,
593 3075 625 3132 in
652 3072 733 3132 illius
756 3075 904 3149 potestate
931 3093 990 3134 non
1018 3076 1063 3133 est
1094 3075 1193 3134 fuisse.
1240 3119 1244 3128 ,

183 3164 249 3238 quis
272 3163 391 3221 timeret
413 3162 573 3239 fortunam,
596 3164 655 3222 nisi
676 3161 849 3239 prodesset?

271 3333 427 3402 lpatriapr
446 3343 472 3401 ο,
490 3349 559 3388 coes.
574 3353 591 3384 ο

275 3409 308 3457 18
326 3403 444 3460 libertus
458 3405 602 3474 Be(corr.
618 3405 679 3458 oio
693 3405 790 3474 marg.)
846 3409 878 3458 19
898 3402 1038 3458 alibertis
1054 3414 1081 3470 o,
1095 3421 1163 3458 corr,
1177 3425 1195 3455 c

182 3478 343 3617 egem,
386 3481 419 3530 22
439 3477 485 3530 eui
503 3491 547 3530 me
561 3477 602 3531 cel
620 3491 675 3544 quo
693 3491 739 3529 me
753 3476 882 3532 Pithone
954 3479 987 3528 25
1004 3489 1062 3528 non
1081 3477 1124 3529 est
1142 3489 1192 3528 orn.

1307 1197 1314 1583 ι
