2664 3920
387 253 388 256 ’
430 237 735 294 DECLAMATIONES
752 238 787 306 Π,
805 239 852 294 ΠΙ.
1128 241 1148 306 3

50 394 53 400 “
86 443 87 450 1
137 408 222 466 nulla
244 409 395 468 inclinatis
422 411 454 468 in
476 409 586 468 vitium
613 409 718 467 animis
746 410 835 468 ruins
857 407 997 468 deformis
1025 411 1077 467 est.
1123 410 1149 468 is

138 497 256 599 demun
273 497 393 557 libidini
411 497 533 574 placuit,
556 499 588 556 in
612 517 697 574 quem
722 516 782 556 non
802 501 903 574 posset
919 498 1022 556 meriti
1046 497 1149 556 cudere

138 604 274 662 suspicio.

495 725 597 787 PARS
620 727 788 787 ALTERA.

203 871 329 930 Itanon
347 873 443 930 maius
462 873 507 952 est
529 874 737 948 argumentum
755 871 926 947 pudicitiae,
946 871 1027 947 quod
1044 889 1174 948 pareres

137 960 245 1036 voluit,
270 979 360 1036 quam
382 958 595 1035 impudicitiae,
619 961 698 1037 quod
720 960 880 1019 infeliciter
901 958 1038 1038 peperit?
1065 959 1149 1022 vides

137 1052 258 1125 pentum
280 1051 369 1108 laesis
395 1049 521 1108 fortasse
543 1049 704 1108 visceribus
732 1041 893 1110 excussum:
938 1050 1066 1110 multum
1088 1049 1147 1108 fcr-

136 1142 226 1198 tunee
256 1138 347 1198 etiem
380 1139 462 1198 intra
492 1140 609 1214 uterum
644 1139 721 1197 licet
773 1137 855 1198 vides
889 1140 1042 1216 sanguinis
1071 1139 1147 1198 vitio

135 1230 288 1304 perustam
318 1229 427 1286 cutem:
462 1228 590 1286 colorem
618 1230 721 1303 putes,
754 1227 835 1286 istud
867 1228 993 1286 fortasse
1023 1227 1147 1287 infantis

135 1319 247 1376 iniuria
271 1320 318 1375 eet.
363 1317 415 1376 laec
436 1318 533 1390 ipsam
560 1317 636 1390 quaet
663 1317 720 1375 alte
746 1317 924 1388 infuscatam
950 1321 1042 1374 eutem
1070 1317 1148 1375 livor
1163 1339 1189 1377 ιο

135 1407 254 1480 infecit,
284 1404 346 1465 dies
374 1407 480 1483 longus
509 1407 655 1464 extenuat.
701 1407 789 1466 nivea
815 1405 990 1482 plerumque
1017 1405 1148 1464 membru

136 1495 197 1554 sole
220 1495 386 1569 fuscantur,
410 1498 440 1553 et
463 1495 580 1569 corpori
601 1495 699 1569 pellor
721 1493 844 1569 excedit,
868 1495 1003 1570 quamvis
1027 1496 1148 1553 nature-
1184 1489 1187 1510 ¹

90 1641 91 1644 ,
136 1583 205 1642 liter
227 1584 324 1643 fuscos
348 1585 430 1643 artus
448 1583 553 1642 umbre
576 1583 657 1660 cogit
680 1582 833 1642 albescere.
878 1586 998 1643 tanturn
1020 1585 1150 1659 tempori

137 1670 208 1731 licet
230 1674 377 1747 quantum
399 1674 488 1747 putas
510 1672 599 1730 licere
621 1674 751 1732 nutrires.

604 1894 677 1963 ΠΙ.

483 2036 584 2106 Miles
606 2037 797 2108 Munianus.

134 2187 220 2246 Miles
250 2187 340 2245 Marii
367 2185 536 2246 adulescens
563 2187 763 2264 propinquum
789 2187 879 2246 Marii
905 2187 1058 2246 tribunum
1085 2189 1148 2246 vim

180 2276 237 2335 sibi
260 2277 435 2335 inferentem
458 2277 589 2352 peremit.
634 2293 701 2336 reas
724 2279 769 2336 est
792 2277 896 2336 caedis.
939 2275 1004 2335 01).

200 2453 404 2530 Propinquus,
435 2455 548 2530 inquit,
582 2455 770 2529 imperatoris
808 2455 920 2514 occisus
952 2456 1004 2513 est.
1050 2457 1147 2514 macte

134 2545 255 2616 virtute,
278 2543 455 2611 adulescens,
474 2544 505 2602 et
522 2543 653 2602 Martum
671 2543 838 2604 vindicasti.
874 2543 1052 2620 ubicumque
1069 2546 1146 2619 peri-
1161 2565 1187 2605 20

135 2632 259 2691 clitutur
280 2632 436 2707 pudicitie,
460 2649 544 2691 sunm
566 2633 662 2710 legem
684 2632 781 2692 hebet.
827 2631 900 2708 quid
919 2635 989 2706 apis,
1013 2634 1146 2692 tribune?

134 2721 187 2778 ttae·
209 2721 341 2779 nondum
363 2723 411 2780 vir
433 2723 478 2779 est
501 2719 554 2796 qui
576 2721 672 2780 Mario
694 2721 755 2780 iarn
777 2721 862 2780 miles
888 2719 954 2780 est?
976 2741 1036 2781 non
1058 2722 1146 2800 longe

136 2807 221 2866 abeo
240 2812 286 2868 est
302 2811 397 2884 miles,
414 2812 451 2868 ut
467 2809 626 2885 promittet
648 2812 783 2884 stupeam
801 2813 851 2885 qai
871 2812 991 2885 recatus
1014 2813 1081 2870 tent
1134 2843 1145 2851 -

134 2895 222 2956 modo
241 2900 337 2974 neget.
380 2899 473 2976 crede,
491 2901 661 2974 imperator,
683 2901 761 2958 male
780 2900 816 2958 dc
834 2901 865 2958 te
883 2900 1043 2960 iudicasset
1060 2901 1145 2960 miles

133 2988 214 3060 tuas,
236 2989 263 3044 sa'
285 2987 399 3044 tribano
411 2990 592 3062 pepercisset.
633 2989 789 3048 benevim
814 2988 967 3063 Verpe'ae'as
984 2988 1145 3065 parricidio
1159 3008 1185 3048 rs

133 3075 226 3153 fugit,
260 3077 382 3150 propter
415 3076 491 3135 hanc
520 3076 659 3136 Lucretia
692 3081 796 3153 pectus
832 3096 918 3136 suum
951 3079 1029 3137 ferro
1064 3079 1144 3150 fodit.

132 3195 346 3205 -——--—

223 3267 239 3316 6
258 3262 379 3317 feliciter
391 3272 500 3330 Alide,
514 3263 555 3316 in-
571 3263 634 3319 add.
650 3285 691 3317 ae
750 3269 765 3318 9
785 3263 906 3318 colorem
919 3265 1061 3317 —cutem
1077 3265 1094 3317 l.
1109 3268 1145 3318 10

133 3351 184 3389 era.
198 3343 229 3402 A,
248 3335 281 3388 ia
297 3352 388 3404 maep„
402 3335 532 3401 inferiore
550 3337 613 3390 add.
633 3357 653 3388 a
726 3341 759 3389 10
778 3335 847 3389 alte:
866 3335 908 3389 ita
926 3345 948 3388 A
1020 3333 1092 3388 livor
1107 3345 1143 3388 A:

133 3405 213 3460 labor
230 3414 284 3459 Bc
355 3411 388 3459 13
408 3408 501 3460 arctus
519 3415 548 3459 Β

223 3481 255 3530 19
274 3476 375 3545 inqiud
388 3487 410 3529 A
483 3479 526 3532 est
540 3479 637 3532 contra
649 3479 778 3532 mactes*
848 3483 882 3531 24
900 3479 983 3532 necet
996 3485 1056 3543 Bc,
1075 3493 1142 3532 aare.

133 3557 173 3600 ue
244 3548 394 3602 credolio
464 3548 498 3603 de
516 3550 556 3603 te:
577 3551 671 3604 eteA
742 3548 882 3602 iudicasse
900 3556 953 3602 Bc
1027 3553 1061 3601 25
1100 3562 1144 3600 er-

134 3617 208 3672 cidio
222 3627 245 3674 A
317 3624 350 3674 26
365 3627 430 3690 pust
446 3620 553 3690 fugit2
571 3621 675 3677 litterae
689 3637 757 3690 qaae
773 3636 829 3675 aaa
838 3625 955 3688 possunt
972 3619 1025 3690 lepe'
1039 3565 1105 3689 (eci)
1121 3628 1143 3670 A

951 3707 984 3760 1⁸
