<?xml version="1.0" encoding="UTF-8"?>
<!DOCTYPE html PUBLIC "-//W3C//DTD XHTML 1.0 Transitional//EN"
    "http://www.w3.org/TR/xhtml1/DTD/xhtml1-transitional.dtd">
<html xmlns="http://www.w3.org/1999/xhtml" xml:lang="en" lang="en">
 <head>
  <title>
</title>
<meta http-equiv="Content-Type" content="text/html;charset=utf-8" />
  <meta name='ocr-system' content='tesseract 3.04.00' />
  <meta name='ocr-capabilities' content='ocr_page ocr_carea ocr_par ocr_line ocrx_word'/>
</head>
<body>
  <div class='ocr_page' id='page_1' title='image "./calpvrniiflacci01flacgoog_0047.png"; bbox 0 0 2664 3920; ppageno 0'>
   <div class='ocr_carea' id='block_1_1' title="bbox 191 202 863 269">
    <p class='ocr_par' dir='ltr' id='par_1_1' title="bbox 191 202 863 269">
     <span class='ocr_line' id='line_1_1' title="bbox 191 202 863 269; baseline -0.006 -7"><span class='ocrx_word' id='word_1_1' title='bbox 191 204 232 269; x_wconf 89' lang='lat'><strong>18</strong></span> <span class='ocrx_word' id='word_1_2' title='bbox 325 213 330 226; x_wconf 75' lang='lat'>⁸</span> <span class='ocrx_word' id='word_1_3' title='bbox 527 203 720 262; x_wconf 82' lang='lat' dir='ltr'><strong>CALPVRNH</strong></span> <span class='ocrx_word' id='word_1_4' title='bbox 738 202 863 258; x_wconf 75' lang='lat' dir='ltr'><strong>nancel</strong></span> 
     </span>
    </p>
   </div>
   <div class='ocr_carea' id='block_1_2' title="bbox 189 373 1202 611">
    <p class='ocr_par' dir='ltr' id='par_1_2' title="bbox 189 373 1202 611">
     <span class='ocr_line' id='line_1_2' title="bbox 189 373 1202 450; baseline 0 -18"><span class='ocrx_word' id='word_1_5' title='bbox 189 392 311 450; x_wconf 87' lang='lat' dir='ltr'><strong>possum</strong></span> <span class='ocrx_word' id='word_1_6' title='bbox 333 375 376 446; x_wconf 84' lang='lat' dir='ltr'><strong>te,</strong></span> <span class='ocrx_word' id='word_1_7' title='bbox 400 373 444 432; x_wconf 91' lang='lat' dir='ltr'><strong>fili</strong></span> <span class='ocrx_word' id='word_1_8' title='bbox 467 375 630 447; x_wconf 85' lang='lat' dir='ltr'><strong>carissime,</strong></span> <span class='ocrx_word' id='word_1_9' title='bbox 653 374 700 432; x_wconf 88' lang='lat' dir='ltr'><strong>vel</strong></span> <span class='ocrx_word' id='word_1_10' title='bbox 722 375 755 432; x_wconf 86' lang='lat' dir='ltr'><strong>in</strong></span> <span class='ocrx_word' id='word_1_11' title='bbox 777 375 873 432; x_wconf 88' lang='lat' dir='ltr'><strong>morte</strong></span> <span class='ocrx_word' id='word_1_12' title='bbox 895 373 1052 446; x_wconf 86' lang='lat' dir='ltr'><strong>revocabo,</strong></span> <span class='ocrx_word' id='word_1_13' title='bbox 1074 373 1202 432; x_wconf 87' lang='lat' dir='ltr'><strong>inferam</strong></span> 
     </span>
     <span class='ocr_line' id='line_1_3' title="bbox 189 459 1201 540; baseline -0.001 -19"><span class='ocrx_word' id='word_1_14' title='bbox 189 464 336 522; x_wconf 89' lang='lat' dir='ltr'><strong>maiorum</strong></span> <span class='ocrx_word' id='word_1_15' title='bbox 370 459 511 539; x_wconf 82' lang='lat' dir='ltr'><strong>sepulcris</strong></span> <span class='ocrx_word' id='word_1_16' title='bbox 546 465 577 522; x_wconf 92' lang='lat' dir='ltr'><strong>et</strong></span> <span class='ocrx_word' id='word_1_17' title='bbox 610 463 706 540; x_wconf 81' lang='lat' dir='ltr'><strong>elogio</strong></span> <span class='ocrx_word' id='word_1_18' title='bbox 744 462 823 538; x_wconf 89' lang='lat' dir='ltr'><strong>quod</strong></span> <span class='ocrx_word' id='word_1_19' title='bbox 856 463 981 538; x_wconf 77' lang='lat' dir='ltr'><strong>optasti,</strong></span> <span class='ocrx_word' id='word_1_20' title='bbox 1015 480 1123 522; x_wconf 90' lang='lat' dir='ltr'><strong>nomen</strong></span> <span class='ocrx_word' id='word_1_21' title='bbox 1156 464 1201 520; x_wconf 93' lang='lat' dir='ltr'><strong>in-</strong></span> 
     </span>
     <span class='ocr_line' id='line_1_4' title="bbox 190 551 324 611; baseline -0.007 0"><span class='ocrx_word' id='word_1_22' title='bbox 190 551 324 611; x_wconf 84' lang='lat' dir='ltr'><strong>scribam.</strong></span> 
     </span>
    </p>
   </div>
   <div class='ocr_carea' id='block_1_3' title="bbox 164 667 928 880">
    <p class='ocr_par' dir='ltr' id='par_1_3' title="bbox 164 667 928 880">
     <span class='ocr_line' id='line_1_5' title="bbox 642 667 746 735; baseline 0.029 -4"><span class='ocrx_word' id='word_1_23' title='bbox 642 667 746 735; x_wconf 85' lang='lat' dir='ltr'><strong>XIX.</strong></span> 
     </span>
     <span class='ocr_line' id='line_1_6' title="bbox 164 809 928 880; baseline -0.005 0"><span class='ocrx_word' id='word_1_24' title='bbox 164 839 175 880; x_wconf 74' lang='lat' dir='ltr'><strong>s</strong></span> <span class='ocrx_word' id='word_1_25' title='bbox 460 809 654 876; x_wconf 75' lang='lat' dir='ltr'><strong>Abdicatus</strong></span> <span class='ocrx_word' id='word_1_26' title='bbox 677 810 928 878; x_wconf 88' lang='lat' dir='ltr'><strong>immolandus.</strong></span> 
     </span>
    </p>
   </div>
   <div class='ocr_carea' id='block_1_4' title="bbox 189 940 1202 1194">
    <p class='ocr_par' dir='ltr' id='par_1_4' title="bbox 189 940 1202 1194">
     <span class='ocr_line' id='line_1_7' title="bbox 189 940 1202 1019; baseline -0.001 -18"><span class='ocrx_word' id='word_1_27' title='bbox 189 942 225 1001; x_wconf 92' lang='lat' dir='ltr'><strong>In</strong></span> <span class='ocrx_word' id='word_1_28' title='bbox 246 943 420 1019; x_wconf 79' lang='lat' dir='ltr'><strong>pestilentia</strong></span> <span class='ocrx_word' id='word_1_29' title='bbox 442 960 615 1017; x_wconf 87' lang='lat' dir='ltr'><strong>responsum</strong></span> <span class='ocrx_word' id='word_1_30' title='bbox 642 943 688 1000; x_wconf 89' lang='lat' dir='ltr'><strong>est</strong></span> <span class='ocrx_word' id='word_1_31' title='bbox 714 940 802 999; x_wconf 89' lang='lat' dir='ltr'><strong>finem</strong></span> <span class='ocrx_word' id='word_1_32' title='bbox 825 941 959 999; x_wconf 77' lang='lat' dir='ltr'><strong>fcturum</strong></span> <span class='ocrx_word' id='word_1_33' title='bbox 988 942 1142 1000; x_wconf 84' lang='lat' dir='ltr'><strong>immolato</strong></span> <span class='ocrx_word' id='word_1_34' title='bbox 1166 960 1202 1000; x_wconf 92' lang='lat' dir='ltr'><strong>eo</strong></span> 
     </span>
     <span class='ocr_line' id='line_1_8' title="bbox 235 1029 1202 1106; baseline -0.002 -16"><span class='ocrx_word' id='word_1_35' title='bbox 235 1033 287 1106; x_wconf 91' lang='lat' dir='ltr'><strong>qui</strong></span> <span class='ocrx_word' id='word_1_36' title='bbox 304 1033 421 1106; x_wconf 87' lang='lat' dir='ltr'><strong>patrem</strong></span> <span class='ocrx_word' id='word_1_37' title='bbox 439 1050 499 1089; x_wconf 93' lang='lat' dir='ltr'><strong>non</strong></span> <span class='ocrx_word' id='word_1_38' title='bbox 517 1030 646 1089; x_wconf 89' lang='lat' dir='ltr'><strong>haberet.</strong></span> <span class='ocrx_word' id='word_1_39' title='bbox 693 1029 779 1088; x_wconf 88' lang='lat' dir='ltr'><strong>offert</strong></span> <span class='ocrx_word' id='word_1_40' title='bbox 796 1049 827 1090; x_wconf 93' lang='lat' dir='ltr'><strong>se</strong></span> <span class='ocrx_word' id='word_1_41' title='bbox 846 1029 1006 1090; x_wconf 86' lang='lat' dir='ltr'><strong>abdicatus.</strong></span> <span class='ocrx_word' id='word_1_42' title='bbox 1049 1031 1101 1106; x_wconf 90' lang='lat' dir='ltr'><strong>qui</strong></span> <span class='ocrx_word' id='word_1_43' title='bbox 1119 1029 1202 1089; x_wconf 87' lang='lat' dir='ltr'><strong>abdi-</strong></span> 
     </span>
     <span class='ocr_line' id='line_1_9' title="bbox 234 1119 531 1194; baseline -0.003 -16"><span class='ocrx_word' id='word_1_44' title='bbox 234 1121 322 1194; x_wconf 81' lang='lat' dir='ltr'><strong>cavit,</strong></span> <span class='ocrx_word' id='word_1_45' title='bbox 345 1119 531 1179; x_wconf 76' lang='lat' dir='ltr'><strong>contradicit.</strong></span> 
     </span>
    </p>
   </div>
   <div class='ocr_carea' id='block_1_5' title="bbox 151 1279 1203 1622">
    <p class='ocr_par' dir='ltr' id='par_1_5' title="bbox 257 1279 1203 1356">
     <span class='ocr_line' id='line_1_10' title="bbox 257 1279 1203 1356; baseline 0 -18"><span class='ocrx_word' id='word_1_46' title='bbox 257 1279 420 1355; x_wconf 81' lang='lat' dir='ltr'><strong>Amplexus</strong></span> <span class='ocrx_word' id='word_1_47' title='bbox 439 1299 504 1340; x_wconf 87' lang='lat' dir='ltr'><strong>sum</strong></span> <span class='ocrx_word' id='word_1_48' title='bbox 522 1281 649 1338; x_wconf 89' lang='lat' dir='ltr'><strong>mortem</strong></span> <span class='ocrx_word' id='word_1_49' title='bbox 666 1297 761 1353; x_wconf 79' lang='lat' dir='ltr'><strong>usque</strong></span> <span class='ocrx_word' id='word_1_50' title='bbox 780 1279 875 1337; x_wconf 87' lang='lat' dir='ltr'><strong>adhuc</strong></span> <span class='ocrx_word' id='word_1_51' title='bbox 895 1280 1100 1356; x_wconf 82' lang='lat' dir='ltr'><strong>necessariam,</strong></span> <span class='ocrx_word' id='word_1_52' title='bbox 1122 1298 1203 1338; x_wconf 90' lang='lat' dir='ltr'><strong>nunc</strong></span> 
     </span>
    </p>

    <p class='ocr_par' dir='ltr' id='par_1_6' title="bbox 151 1368 1202 1448">
     <span class='ocr_line' id='line_1_11' title="bbox 151 1368 1202 1448; baseline -0.002 -19"><span class='ocrx_word' id='word_1_53' title='bbox 151 1391 176 1430; x_wconf 82' lang='lat' dir='ltr'><strong>ro</strong></span> <span class='ocrx_word' id='word_1_54' title='bbox 191 1370 282 1428; x_wconf 87' lang='lat' dir='ltr'><strong>etiam</strong></span> <span class='ocrx_word' id='word_1_55' title='bbox 306 1369 473 1448; x_wconf 85' lang='lat' dir='ltr'><strong>gloriosam.</strong></span> <span class='ocrx_word' id='word_1_56' title='bbox 519 1370 596 1426; x_wconf 87' lang='lat' dir='ltr'><strong>mori</strong></span> <span class='ocrx_word' id='word_1_57' title='bbox 621 1368 759 1443; x_wconf 81' lang='lat' dir='ltr'><strong>prohibes</strong></span> <span class='ocrx_word' id='word_1_58' title='bbox 787 1370 817 1426; x_wconf 90' lang='lat' dir='ltr'><strong>et</strong></span> <span class='ocrx_word' id='word_1_59' title='bbox 839 1369 1015 1444; x_wconf 80' lang='lat' dir='ltr'><strong>intervenis,</strong></span> <span class='ocrx_word' id='word_1_60' title='bbox 1043 1369 1202 1444; x_wconf 86' lang='lat' dir='ltr'><strong>quominus</strong></span> 
     </span>
    </p>

    <p class='ocr_par' dir='ltr' id='par_1_7' title="bbox 190 1456 1202 1622">
     <span class='ocr_line' id='line_1_12' title="bbox 190 1456 1202 1535; baseline -0.003 -18"><span class='ocrx_word' id='word_1_61' title='bbox 190 1460 329 1535; x_wconf 90' lang='lat' dir='ltr'><strong>spiritum</strong></span> <span class='ocrx_word' id='word_1_62' title='bbox 357 1478 444 1533; x_wconf 90' lang='lat' dir='ltr'><strong>quem</strong></span> <span class='ocrx_word' id='word_1_63' title='bbox 472 1458 610 1518; x_wconf 88' lang='lat' dir='ltr'><strong>fortunae</strong></span> <span class='ocrx_word' id='word_1_64' title='bbox 632 1476 715 1516; x_wconf 90' lang='lat' dir='ltr'><strong>meae</strong></span> <span class='ocrx_word' id='word_1_65' title='bbox 739 1457 842 1532; x_wconf 89' lang='lat' dir='ltr'><strong>debeo,</strong></span> <span class='ocrx_word' id='word_1_66' title='bbox 869 1459 986 1532; x_wconf 83' lang='lat' dir='ltr'><strong>patriae</strong></span> <span class='ocrx_word' id='word_1_67' title='bbox 1012 1456 1202 1533; x_wconf 88' lang='lat' dir='ltr'><strong>profundam.</strong></span> 
     </span>
     <span class='ocr_line' id='line_1_13' title="bbox 191 1546 1143 1622; baseline -0.002 -16"><span class='ocrx_word' id='word_1_68' title='bbox 191 1549 328 1622; x_wconf 89' lang='lat' dir='ltr'><strong>quotiens</strong></span> <span class='ocrx_word' id='word_1_69' title='bbox 351 1549 382 1606; x_wconf 92' lang='lat' dir='ltr'><strong>te</strong></span> <span class='ocrx_word' id='word_1_70' title='bbox 404 1547 499 1622; x_wconf 84' lang='lat' dir='ltr'><strong>video,</strong></span> <span class='ocrx_word' id='word_1_71' title='bbox 522 1548 632 1605; x_wconf 84' lang='lat' dir='ltr'><strong>totiens</strong></span> <span class='ocrx_word' id='word_1_72' title='bbox 654 1565 702 1605; x_wconf 90' lang='lat' dir='ltr'><strong>me</strong></span> <span class='ocrx_word' id='word_1_73' title='bbox 725 1547 785 1605; x_wconf 90' lang='lat' dir='ltr'><strong>scio</strong></span> <span class='ocrx_word' id='word_1_74' title='bbox 807 1548 924 1622; x_wconf 87' lang='lat' dir='ltr'><strong>patrem</strong></span> <span class='ocrx_word' id='word_1_75' title='bbox 946 1565 1006 1605; x_wconf 94' lang='lat' dir='ltr'><strong>non</strong></span> <span class='ocrx_word' id='word_1_76' title='bbox 1027 1546 1143 1605; x_wconf 88' lang='lat' dir='ltr'><strong>habere.</strong></span> 
     </span>
    </p>
   </div>
   <div class='ocr_carea' id='block_1_6' title="bbox 453 1769 937 1993">
    <p class='ocr_par' dir='ltr' id='par_1_8' title="bbox 453 1769 937 1993">
     <span class='ocr_line' id='line_1_14' title="bbox 653 1769 736 1837; baseline 0.036 -3"><span class='ocrx_word' id='word_1_77' title='bbox 653 1769 736 1837; x_wconf 87' lang='lat' dir='ltr'><strong>XX.</strong></span> 
     </span>
     <span class='ocr_line' id='line_1_15' title="bbox 453 1910 937 1993; baseline 0.004 -17"><span class='ocrx_word' id='word_1_78' title='bbox 453 1910 680 1978; x_wconf 86' lang='lat' dir='ltr'><strong>Prostitutus</strong></span> <span class='ocrx_word' id='word_1_79' title='bbox 703 1929 750 1977; x_wconf 85' lang='lat' dir='ltr'><strong>ex</strong></span> <span class='ocrx_word' id='word_1_80' title='bbox 773 1912 937 1993; x_wconf 85' lang='lat' dir='ltr'><strong>geminis.</strong></span> 
     </span>
    </p>
   </div>
   <div class='ocr_carea' id='block_1_7' title="bbox 150 2042 1202 2191">
    <p class='ocr_par' dir='ltr' id='par_1_9' title="bbox 150 2042 1202 2191">
     <span class='ocr_line' id='line_1_16' title="bbox 150 2042 1202 2121; baseline -0.003 -16"><span class='ocrx_word' id='word_1_81' title='bbox 150 2065 175 2105; x_wconf 81' lang='lat'><strong>15</strong></span> <span class='ocrx_word' id='word_1_82' title='bbox 191 2043 236 2102; x_wconf 83' lang='grc'>1111</span> <span class='ocrx_word' id='word_1_83' title='bbox 260 2042 374 2102; x_wconf 90' lang='lat' dir='ltr'><strong>duobus</strong></span> <span class='ocrx_word' id='word_1_84' title='bbox 401 2044 527 2121; x_wconf 84' lang='lat' dir='ltr'><strong>geminis</strong></span> <span class='ocrx_word' id='word_1_85' title='bbox 555 2043 632 2102; x_wconf 90' lang='lat' dir='ltr'><strong>alter</strong></span> <span class='ocrx_word' id='word_1_86' title='bbox 655 2044 785 2118; x_wconf 88' lang='lat' dir='ltr'><strong>prostat,</strong></span> <span class='ocrx_word' id='word_1_87' title='bbox 812 2043 889 2102; x_wconf 90' lang='lat' dir='ltr'><strong>alter</strong></span> <span class='ocrx_word' id='word_1_88' title='bbox 915 2042 1013 2102; x_wconf 84' lang='lat' dir='ltr'><strong>reddit</strong></span> <span class='ocrx_word' id='word_1_89' title='bbox 1040 2045 1072 2102; x_wconf 92' lang='lat' dir='ltr'><strong>in</strong></span> <span class='ocrx_word' id='word_1_90' title='bbox 1096 2045 1202 2102; x_wconf 91' lang='lat' dir='ltr'><strong>senatu</strong></span> 
     </span>
     <span class='ocr_line' id='line_1_17' title="bbox 234 2133 683 2191; baseline -0.002 -1"><span class='ocrx_word' id='word_1_91' title='bbox 234 2150 338 2191; x_wconf 85' lang='lat' dir='ltr'><strong>causas</strong></span> <span class='ocrx_word' id='word_1_92' title='bbox 360 2134 465 2191; x_wconf 82' lang='lat' dir='ltr'><strong>mortis</strong></span> <span class='ocrx_word' id='word_1_93' title='bbox 489 2133 683 2190; x_wconf 86' lang='lat' dir='ltr'><strong>voluntariae.</strong></span> 
     </span>
    </p>
   </div>
   <div class='ocr_carea' id='block_1_8' title="bbox 149 2291 1315 3347">
    <p class='ocr_par' dir='ltr' id='par_1_10' title="bbox 149 2291 1315 3347">
     <span class='ocr_line' id='line_1_18' title="bbox 255 2291 1202 2367; baseline 0 -17"><span class='ocrx_word' id='word_1_94' title='bbox 255 2291 380 2350; x_wconf 86' lang='lat' dir='ltr'><strong>Utinam</strong></span> <span class='ocrx_word' id='word_1_95' title='bbox 399 2293 528 2366; x_wconf 88' lang='lat' dir='ltr'><strong>quidem,</strong></span> <span class='ocrx_word' id='word_1_96' title='bbox 546 2291 577 2350; x_wconf 94' lang='lat' dir='ltr'><strong>P.</strong></span> <span class='ocrx_word' id='word_1_97' title='bbox 598 2291 638 2367; x_wconf 77' lang='grc'><strong>0.,</strong></span> <span class='ocrx_word' id='word_1_98' title='bbox 656 2294 734 2350; x_wconf 88' lang='lat' dir='ltr'><strong>mori</strong></span> <span class='ocrx_word' id='word_1_99' title='bbox 752 2293 843 2350; x_wconf 85' lang='lat' dir='ltr'><strong>vellet</strong></span> <span class='ocrx_word' id='word_1_100' title='bbox 861 2292 967 2351; x_wconf 83' lang='lat' dir='ltr'><strong>frater!</strong></span> <span class='ocrx_word' id='word_1_101' title='bbox 988 2293 1102 2350; x_wconf 91' lang='lat' dir='ltr'><strong>homini</strong></span> <span class='ocrx_word' id='word_1_102' title='bbox 1120 2310 1202 2350; x_wconf 88' lang='lat' dir='ltr'><strong>vere-</strong></span> 
     </span>
     <span class='ocr_line' id='line_1_19' title="bbox 189 2381 1201 2460; baseline -0.001 -21"><span class='ocrx_word' id='word_1_103' title='bbox 189 2381 284 2439; x_wconf 90' lang='lat' dir='ltr'><strong>cundo</strong></span> <span class='ocrx_word' id='word_1_104' title='bbox 307 2383 356 2440; x_wconf 89' lang='lat' dir='ltr'><strong>cui</strong></span> <span class='ocrx_word' id='word_1_105' title='bbox 374 2399 490 2440; x_wconf 90' lang='lat' dir='ltr'><strong>necesse</strong></span> <span class='ocrx_word' id='word_1_106' title='bbox 509 2383 562 2454; x_wconf 86' lang='lat' dir='ltr'><strong>est,</strong></span> <span class='ocrx_word' id='word_1_107' title='bbox 585 2384 620 2440; x_wconf 89' lang='lat' dir='ltr'><strong>ut</strong></span> <span class='ocrx_word' id='word_1_108' title='bbox 638 2401 673 2440; x_wconf 87' lang='lat' dir='ltr'><strong>ea</strong></span> <span class='ocrx_word' id='word_1_109' title='bbox 696 2381 731 2440; x_wconf 90' lang='lat' dir='ltr'><strong>de</strong></span> <span class='ocrx_word' id='word_1_110' title='bbox 750 2399 890 2460; x_wconf 84' lang='lat' dir='ltr'><strong>germano</strong></span> <span class='ocrx_word' id='word_1_111' title='bbox 908 2400 974 2440; x_wconf 92' lang='lat' dir='ltr'><strong>meo</strong></span> <span class='ocrx_word' id='word_1_112' title='bbox 993 2381 1099 2458; x_wconf 86' lang='lat' dir='ltr'><strong>dicam,</strong></span> <span class='ocrx_word' id='word_1_113' title='bbox 1123 2399 1201 2455; x_wconf 89' lang='lat' dir='ltr'><strong>quae</strong></span> 
     </span>
     <span class='ocr_line' id='line_1_20' title="bbox 188 2467 1203 2547; baseline 0 -19"><span class='ocrx_word' id='word_1_114' title='bbox 188 2471 268 2528; x_wconf 86' lang='lat' dir='ltr'><strong>tanti</strong></span> <span class='ocrx_word' id='word_1_115' title='bbox 294 2469 388 2528; x_wconf 88' lang='lat' dir='ltr'><strong>habeo</strong></span> <span class='ocrx_word' id='word_1_116' title='bbox 410 2472 521 2547; x_wconf 85' lang='lat' dir='ltr'><strong>perire,</strong></span> <span class='ocrx_word' id='word_1_117' title='bbox 551 2489 588 2529; x_wconf 95' lang='lat' dir='ltr'><strong>ne</strong></span> <span class='ocrx_word' id='word_1_118' title='bbox 617 2471 742 2529; x_wconf 85' lang='lat' dir='ltr'><strong>videam.</strong></span> <span class='ocrx_word' id='word_1_119' title='bbox 788 2472 881 2529; x_wconf 86' lang='lat' dir='ltr'><strong>nostis</strong></span> <span class='ocrx_word' id='word_1_120' title='bbox 908 2488 975 2544; x_wconf 86' lang='lat' dir='ltr'><strong>nos,</strong></span> <span class='ocrx_word' id='word_1_121' title='bbox 998 2469 1029 2527; x_wconf 92' lang='lat' dir='ltr'><strong>P.</strong></span> <span class='ocrx_word' id='word_1_122' title='bbox 1050 2467 1094 2546; x_wconf 67' lang='lat'><strong>03</strong></span> <span class='ocrx_word' id='word_1_123' title='bbox 1122 2471 1203 2528; x_wconf 91' lang='lat' dir='ltr'><strong>enirn</strong></span> 
     </span>
     <span class='ocr_line' id='line_1_21' title="bbox 149 2558 1200 2634; baseline -0.004 -14"><span class='ocrx_word' id='word_1_124' title='bbox 149 2581 175 2620; x_wconf 75' lang='lat' dir='ltr'><strong>ao</strong></span> <span class='ocrx_word' id='word_1_125' title='bbox 188 2558 325 2633; x_wconf 90' lang='lat' dir='ltr'><strong>pluribus</strong></span> <span class='ocrx_word' id='word_1_126' title='bbox 343 2561 408 2617; x_wconf 91' lang='lat' dir='ltr'><strong>noti</strong></span> <span class='ocrx_word' id='word_1_127' title='bbox 426 2578 526 2618; x_wconf 87' lang='lat' dir='ltr'><strong>sumus</strong></span> <span class='ocrx_word' id='word_1_128' title='bbox 550 2578 641 2634; x_wconf 89' lang='lat' dir='ltr'><strong>quam</strong></span> <span class='ocrx_word' id='word_1_129' title='bbox 660 2561 690 2618; x_wconf 89' lang='lat' dir='ltr'><strong>et</strong></span> <span class='ocrx_word' id='word_1_130' title='bbox 708 2561 790 2618; x_wconf 91' lang='lat' dir='ltr'><strong>aetas</strong></span> <span class='ocrx_word' id='word_1_131' title='bbox 810 2562 840 2618; x_wconf 92' lang='lat' dir='ltr'><strong>et</strong></span> <span class='ocrx_word' id='word_1_132' title='bbox 858 2559 1036 2618; x_wconf 85' lang='lat' dir='ltr'><strong>verecundia</strong></span> <span class='ocrx_word' id='word_1_133' title='bbox 1057 2559 1200 2634; x_wconf 88' lang='lat' dir='ltr'><strong>postulat.</strong></span> 
     </span>
     <span class='ocr_line' id='line_1_22' title="bbox 189 2647 1203 2723; baseline 0.001 -18"><span class='ocrx_word' id='word_1_134' title='bbox 189 2649 293 2722; x_wconf 88' lang='lat' dir='ltr'><strong>raptus</strong></span> <span class='ocrx_word' id='word_1_135' title='bbox 324 2649 370 2706; x_wconf 89' lang='lat' dir='ltr'><strong>est</strong></span> <span class='ocrx_word' id='word_1_136' title='bbox 404 2648 480 2706; x_wconf 91' lang='lat' dir='ltr'><strong>mihi</strong></span> <span class='ocrx_word' id='word_1_137' title='bbox 515 2649 610 2706; x_wconf 90' lang='lat' dir='ltr'><strong>frater</strong></span> <span class='ocrx_word' id='word_1_138' title='bbox 643 2650 779 2723; x_wconf 87' lang='lat' dir='ltr'><strong>pessimis</strong></span> <span class='ocrx_word' id='word_1_139' title='bbox 812 2647 969 2708; x_wconf 88' lang='lat' dir='ltr'><strong>comitibus</strong></span> <span class='ocrx_word' id='word_1_140' title='bbox 1006 2650 1036 2707; x_wconf 92' lang='lat' dir='ltr'><strong>et</strong></span> <span class='ocrx_word' id='word_1_141' title='bbox 1066 2647 1203 2723; x_wconf 88' lang='lat' dir='ltr'><strong>perditis.</strong></span> 
     </span>
     <span class='ocr_line' id='line_1_23' title="bbox 189 2735 1202 2814; baseline 0 -20"><span class='ocrx_word' id='word_1_142' title='bbox 189 2736 262 2795; x_wconf 88' lang='lat' dir='ltr'><strong>duce</strong></span> <span class='ocrx_word' id='word_1_143' title='bbox 291 2755 419 2812; x_wconf 88' lang='lat' dir='ltr'><strong>namque</strong></span> <span class='ocrx_word' id='word_1_144' title='bbox 448 2737 567 2795; x_wconf 87' lang='lat' dir='ltr'><strong>luxuria</strong></span> <span class='ocrx_word' id='word_1_145' title='bbox 597 2739 627 2796; x_wconf 92' lang='lat' dir='ltr'><strong>et</strong></span> <span class='ocrx_word' id='word_1_146' title='bbox 653 2736 873 2814; x_wconf 85' lang='lat' dir='ltr'><strong>subremigante</strong></span> <span class='ocrx_word' id='word_1_147' title='bbox 902 2755 955 2795; x_wconf 88' lang='lat' dir='ltr'><strong>seu</strong></span> <span class='ocrx_word' id='word_1_148' title='bbox 984 2739 1084 2812; x_wconf 89' lang='lat' dir='ltr'><strong>potius</strong></span> <span class='ocrx_word' id='word_1_149' title='bbox 1107 2735 1202 2795; x_wconf 86' lang='lat' dir='ltr'><strong>velifi-</strong></span> 
     </span>
     <span class='ocr_line' id='line_1_24' title="bbox 189 2826 1204 2901; baseline 0 -17"><span class='ocrx_word' id='word_1_150' title='bbox 189 2827 275 2884; x_wconf 86' lang='lat' dir='ltr'><strong>cante</strong></span> <span class='ocrx_word' id='word_1_151' title='bbox 293 2827 459 2900; x_wconf 88' lang='lat' dir='ltr'><strong>nequitia</strong></span> <span class='ocrx_word' id='word_1_152' title='bbox 450 2847 482 2884; x_wconf 92' lang='lat' dir='ltr'><strong>1n</strong></span> <span class='ocrx_word' id='word_1_153' title='bbox 500 2826 568 2886; x_wconf 92' lang='lat' dir='ltr'><strong>illos</strong></span> <span class='ocrx_word' id='word_1_154' title='bbox 591 2826 795 2901; x_wconf 87' lang='lat' dir='ltr'><strong>impudicitiae</strong></span> <span class='ocrx_word' id='word_1_155' title='bbox 813 2827 948 2900; x_wconf 90' lang='lat' dir='ltr'><strong>scopulos</strong></span> <span class='ocrx_word' id='word_1_156' title='bbox 967 2827 1023 2884; x_wconf 90' lang='lat' dir='ltr'><strong>et</strong></span> <span class='ocrx_word' id='word_1_157' title='bbox 1014 2845 1081 2901; x_wconf 89' lang='lat' dir='ltr'><strong>rpsa</strong></span> <span class='ocrx_word' id='word_1_158' title='bbox 1103 2826 1204 2884; x_wconf 85' lang='lat' dir='ltr'><strong>famae</strong></span> 
     </span>
     <span class='ocr_line' id='line_1_25' title="bbox 189 2887 1315 2992; baseline -0.001 -19"><span class='ocrx_word' id='word_1_159' title='bbox 189 2933 260 2973; x_wconf 88' lang='lat' dir='ltr'><strong>suae</strong></span> <span class='ocrx_word' id='word_1_160' title='bbox 283 2914 441 2992; x_wconf 85' lang='lat' dir='ltr'><strong>naufragia</strong></span> <span class='ocrx_word' id='word_1_161' title='bbox 459 2915 585 2974; x_wconf 87' lang='lat' dir='ltr'><strong>delatus.</strong></span> <span class='ocrx_word' id='word_1_162' title='bbox 630 2934 684 2990; x_wconf 90' lang='lat' dir='ltr'><strong>pro</strong></span> <span class='ocrx_word' id='word_1_163' title='bbox 703 2915 792 2973; x_wconf 88' lang='lat' dir='ltr'><strong>deum</strong></span> <span class='ocrx_word' id='word_1_164' title='bbox 815 2916 905 2988; x_wconf 88' lang='lat' dir='ltr'><strong>atque</strong></span> <span class='ocrx_word' id='word_1_165' title='bbox 922 2915 1077 2973; x_wconf 89' lang='lat' dir='ltr'><strong>hominum</strong></span> <span class='ocrx_word' id='word_1_166' title='bbox 1099 2913 1202 2972; x_wconf 78' lang='lat' dir='ltr'><strong>fidem!</strong></span> <span class='ocrx_word' id='word_1_167' title='bbox 1314 2887 1315 2979; x_wconf 77' lang='lat' dir='ltr'><strong>i</strong></span> 
     </span>
     <span class='ocr_line' id='line_1_26' title="bbox 149 3001 1204 3080; baseline -0.004 -14"><span class='ocrx_word' id='word_1_168' title='bbox 149 3025 175 3066; x_wconf 77' lang='lat'><strong>2⁵</strong></span> <span class='ocrx_word' id='word_1_169' title='bbox 190 3022 250 3079; x_wconf 90' lang='lat' dir='ltr'><strong>qua</strong></span> <span class='ocrx_word' id='word_1_170' title='bbox 271 3006 304 3062; x_wconf 92' lang='lat' dir='ltr'><strong>in</strong></span> <span class='ocrx_word' id='word_1_171' title='bbox 327 3005 449 3063; x_wconf 83' lang='lat' dir='ltr'><strong>civitate</strong></span> <span class='ocrx_word' id='word_1_172' title='bbox 466 3005 609 3080; x_wconf 89' lang='lat' dir='ltr'><strong>prostitui</strong></span> <span class='ocrx_word' id='word_1_173' title='bbox 626 3005 705 3078; x_wconf 86' lang='lat' dir='ltr'><strong>licet,</strong></span> <span class='ocrx_word' id='word_1_174' title='bbox 728 3005 805 3062; x_wconf 84' lang='lat' dir='ltr'><strong>mon&#39;</strong></span> <span class='ocrx_word' id='word_1_175' title='bbox 822 3001 991 3062; x_wconf 83' lang='lat' dir='ltr'><strong>nonlicet?</strong></span> <span class='ocrx_word' id='word_1_176' title='bbox 1031 3022 1070 3061; x_wconf 88' lang='lat' dir='ltr'><strong>an</strong></span> <span class='ocrx_word' id='word_1_177' title='bbox 1087 3006 1204 3062; x_wconf 88' lang='lat' dir='ltr'><strong>utrum·</strong></span> 
     </span>
     <span class='ocr_line' id='line_1_27' title="bbox 190 3093 1203 3170; baseline -0.001 -19"><span class='ocrx_word' id='word_1_178' title='bbox 190 3111 247 3168; x_wconf 91' lang='lat' dir='ltr'><strong>que</strong></span> <span class='ocrx_word' id='word_1_179' title='bbox 266 3111 427 3170; x_wconf 81' lang='lat' dir='ltr'><strong>congruere</strong></span> <span class='ocrx_word' id='word_1_180' title='bbox 444 3095 610 3151; x_wconf 82' lang='lat' dir='ltr'><strong>aestimatis</strong></span> <span class='ocrx_word' id='word_1_181' title='bbox 626 3093 696 3151; x_wconf 88' lang='lat' dir='ltr'><strong>huic</strong></span> <span class='ocrx_word' id='word_1_182' title='bbox 714 3093 819 3166; x_wconf 82' lang='lat' dir='ltr'><strong>ordini,</strong></span> <span class='ocrx_word' id='word_1_183' title='bbox 839 3093 869 3151; x_wconf 89' lang='lat' dir='ltr'><strong>et</strong></span> <span class='ocrx_word' id='word_1_184' title='bbox 886 3093 982 3150; x_wconf 85' lang='lat' dir='ltr'><strong>vitam</strong></span> <span class='ocrx_word' id='word_1_185' title='bbox 999 3094 1117 3168; x_wconf 87' lang='lat' dir='ltr'><strong>turpem</strong></span> <span class='ocrx_word' id='word_1_186' title='bbox 1134 3111 1203 3168; x_wconf 92' lang='lat' dir='ltr'><strong>per-</strong></span> 
     </span>
     <span class='ocr_line' id='line_1_28' title="bbox 188 3179 1204 3256; baseline 0 -17"><span class='ocrx_word' id='word_1_187' title='bbox 188 3179 307 3240; x_wconf 88' lang='lat' dir='ltr'><strong>mittere</strong></span> <span class='ocrx_word' id='word_1_188' title='bbox 331 3185 361 3240; x_wconf 88' lang='lat' dir='ltr'><strong>et</strong></span> <span class='ocrx_word' id='word_1_189' title='bbox 384 3181 421 3240; x_wconf 90' lang='lat' dir='ltr'><strong>ab</strong></span> <span class='ocrx_word' id='word_1_190' title='bbox 439 3183 564 3240; x_wconf 87' lang='lat' dir='ltr'><strong>honesta</strong></span> <span class='ocrx_word' id='word_1_191' title='bbox 581 3184 677 3240; x_wconf 86' lang='lat' dir='ltr'><strong>morte</strong></span> <span class='ocrx_word' id='word_1_192' title='bbox 696 3179 873 3256; x_wconf 80' lang='lat' dir='ltr'><strong>prohibere?</strong></span> <span class='ocrx_word' id='word_1_193' title='bbox 912 3183 1012 3240; x_wconf 84' lang='lat' dir='ltr'><strong>vivere</strong></span> <span class='ocrx_word' id='word_1_194' title='bbox 1031 3200 1090 3240; x_wconf 91' lang='lat' dir='ltr'><strong>non</strong></span> <span class='ocrx_word' id='word_1_195' title='bbox 1113 3182 1204 3240; x_wconf 89' lang='lat' dir='ltr'><strong>susti·</strong></span> 
     </span>
     <span class='ocr_line' id='line_1_29' title="bbox 189 3269 1314 3347; baseline 0 -19"><span class='ocrx_word' id='word_1_196' title='bbox 189 3289 298 3345; x_wconf 80' lang='lat' dir='ltr'><strong>nerem,</strong></span> <span class='ocrx_word' id='word_1_197' title='bbox 322 3273 348 3330; x_wconf 89' lang='lat' dir='ltr'><strong>si</strong></span> <span class='ocrx_word' id='word_1_198' title='bbox 370 3271 425 3330; x_wconf 90' lang='lat' dir='ltr'><strong>hoo</strong></span> <span class='ocrx_word' id='word_1_199' title='bbox 448 3273 480 3329; x_wconf 89' lang='lat' dir='ltr'><strong>in</strong></span> <span class='ocrx_word' id='word_1_200' title='bbox 498 3289 564 3329; x_wconf 87' lang='lat' dir='ltr'><strong>mea</strong></span> <span class='ocrx_word' id='word_1_201' title='bbox 587 3271 635 3329; x_wconf 85' lang='lat' dir='ltr'><strong>vel</strong></span> <span class='ocrx_word' id='word_1_202' title='bbox 653 3289 752 3330; x_wconf 89' lang='lat' dir='ltr'><strong>sorore</strong></span> <span class='ocrx_word' id='word_1_203' title='bbox 773 3271 920 3328; x_wconf 82' lang='lat' dir='ltr'><strong>vidissem.</strong></span> <span class='ocrx_word' id='word_1_204' title='bbox 966 3270 1094 3346; x_wconf 88' lang='lat' dir='ltr'><strong>improbi</strong></span> <span class='ocrx_word' id='word_1_205' title='bbox 1116 3269 1202 3347; x_wconf 81' lang='lat' dir='ltr'><strong>flagi-</strong></span> <span class='ocrx_word' id='word_1_206' title='bbox 1313 3275 1314 3290; x_wconf 66' lang='lat'>¹</span> 
     </span>
    </p>
   </div>
   <div class='ocr_carea' id='block_1_9' title="bbox 280 3438 1204 3567">
    <p class='ocr_par' dir='ltr' id='par_1_11' title="bbox 280 3438 1204 3567">
     <span class='ocr_line' id='line_1_30' title="bbox 280 3438 1146 3508; baseline -0.001 -15"><span class='ocrx_word' id='word_1_207' title='bbox 280 3439 430 3494; x_wconf 79' lang='lat' dir='ltr'><strong>oabdicat</strong></span> <span class='ocrx_word' id='word_1_208' title='bbox 448 3448 501 3494; x_wconf 78' lang='lat' dir='ltr'><strong>Bc</strong></span> <span class='ocrx_word' id='word_1_209' title='bbox 571 3439 761 3494; x_wconf 76' lang='lat' dir='ltr'><strong>Boontradici</strong></span> <span class='ocrx_word' id='word_1_210' title='bbox 778 3448 832 3493; x_wconf 74' lang='lat' dir='ltr'><strong>Be</strong></span> <span class='ocrx_word' id='word_1_211' title='bbox 902 3443 934 3492; x_wconf 88' lang='lat'><strong>10</strong></span> <span class='ocrx_word' id='word_1_212' title='bbox 953 3438 1146 3508; x_wconf 80' lang='lat' dir='ltr'><strong>gloriosumc</strong></span> 
     </span>
     <span class='ocr_line' id='line_1_31' title="bbox 284 3509 1204 3567; baseline 0 -3"><span class='ocrx_word' id='word_1_213' title='bbox 284 3517 316 3565; x_wconf 79' lang='lat'><strong>16</strong></span> <span class='ocrx_word' id='word_1_214' title='bbox 336 3511 408 3565; x_wconf 83' lang='lat' dir='ltr'><strong>alter</strong></span> <span class='ocrx_word' id='word_1_215' title='bbox 426 3513 541 3566; x_wconf 77' lang='lat' dir='ltr'><strong>alteram</strong></span> <span class='ocrx_word' id='word_1_216' title='bbox 559 3520 652 3567; x_wconf 76' lang='grc'>1111111</span> <span class='ocrx_word' id='word_1_217' title='bbox 746 3516 776 3565; x_wconf 82' lang='grc'><strong>17</strong></span> <span class='ocrx_word' id='word_1_218' title='bbox 797 3518 860 3565; x_wconf 82' lang='lat' dir='ltr'><strong>cate</strong></span> <span class='ocrx_word' id='word_1_219' title='bbox 878 3509 984 3564; x_wconf 88' lang='lat' dir='ltr'><strong>homini</strong></span> <span class='ocrx_word' id='word_1_220' title='bbox 1003 3512 1131 3566; x_wconf 72' lang='lat' dir='ltr'><strong>excidabse</strong></span> <span class='ocrx_word' id='word_1_221' title='bbox 1148 3512 1204 3566; x_wconf 79' lang='lat' dir='ltr'><strong>ali-</strong></span> 
     </span>
    </p>
   </div>
   <div class='ocr_carea' id='block_1_10' title="bbox 193 3581 1051 3652">
    <p class='ocr_par' dir='ltr' id='par_1_12' title="bbox 193 3581 1051 3652">
     <span class='ocr_line' id='line_1_32' title="bbox 193 3581 1051 3652; baseline -0.002 -16"><span class='ocrx_word' id='word_1_222' title='bbox 193 3583 262 3652; x_wconf 78' lang='lat' dir='ltr'><strong>quid</strong></span> <span class='ocrx_word' id='word_1_223' title='bbox 279 3584 386 3638; x_wconf 78' lang='lat' dir='ltr'><strong>videtur</strong></span> <span class='ocrx_word' id='word_1_224' title='bbox 459 3588 490 3637; x_wconf 84' lang='grc'><strong>19</strong></span> <span class='ocrx_word' id='word_1_225' title='bbox 510 3583 584 3637; x_wconf 89' lang='lat' dir='ltr'><strong>enim</strong></span> <span class='ocrx_word' id='word_1_226' title='bbox 603 3592 696 3638; x_wconf 71' lang='grc'>011111</span> <span class='ocrx_word' id='word_1_227' title='bbox 766 3588 798 3635; x_wconf 77' lang='lat'><strong>21</strong></span> <span class='ocrx_word' id='word_1_228' title='bbox 819 3598 836 3636; x_wconf 86' lang='lat' dir='ltr'><strong>a</strong></span> <span class='ocrx_word' id='word_1_229' title='bbox 854 3581 983 3651; x_wconf 87' lang='lat' dir='ltr'><strong>pessimis</strong></span> <span class='ocrx_word' id='word_1_230' title='bbox 1003 3582 1051 3636; x_wconf 83' lang='lat' dir='ltr'><strong>Gr.</strong></span> 
     </span>
    </p>
   </div>
   <div class='ocr_carea' id='block_1_11' title="bbox 0 0 1336 3920">
    <p class='ocr_par' dir='ltr' id='par_1_13' title="bbox 0 0 1336 3920">
     <span class='ocr_line' id='line_1_33' title="bbox 0 0 1336 3920; baseline 0 9"><span class='ocrx_word' id='word_1_231' title='bbox 0 0 1336 3920; x_wconf 95' lang='lat' dir='ltr'><strong> </strong></span> 
     </span>
    </p>
   </div>
  </div>
 </body>
</html>
