2664 3920
572 153 722 208 naratio.
1102 131 1162 206 vir

142 325 309 382 mationum
326 323 448 400 Ugoleti
466 342 501 381 er
518 319 556 384 B
573 322 692 382 fluxisse
711 324 864 399 cognovit3
883 322 919 380 cf.
940 340 1015 396 quae
1033 322 1154 397 Fleiter,

143 413 179 470 de
196 411 360 471 minoribus
382 431 459 487 quae
482 411 535 470 sub
558 414 676 470 nomino
697 410 876 480 Quintiliani
899 411 1035 469 forrmtur
1057 411 1153 470 decla-

142 501 323 560 mationibus
334 493 460 582 (1890),
468 521 498 575 p.
509 501 549 558 26
566 500 605 558 ad
618 500 794 559 firmandam
808 501 884 558 hanc
899 501 1076 558 sententiam
1086 519 1153 578 pro-

142 590 221 665 tulit,
235 591 279 648 ita
288 593 323 648 ut
331 591 435 667 negari
445 591 564 648 omnino
574 608 634 648 non
643 591 746 665 possit,
761 591 909 648 artissime
919 607 984 647 eam
994 588 1154 649 editionem

143 680 297 738 cohaerere
321 697 388 739 cum
410 675 455 752 B,
478 678 555 736 unde
578 683 704 754 apparat
725 678 932 737 Monacensem
953 680 1022 736 ante
1043 697 1154 736 annum

145 770 229 828 1494
254 787 312 843 quo
331 768 423 826 editio
442 770 474 826 in
494 769 591 826 lucem
608 767 730 843 prodiit,
749 785 811 828 esse
835 759 1038 848 confectum.¹)
1076 785 1154 827 com-

141 859 283 932 plectitur
300 856 376 915 liber
399 859 510 934 optime
529 860 663 916 servatus
682 876 741 915 010
762 859 933 935 tegumento
957 856 1031 915 duas
1053 861 1153 933 partes

141 944 229 1022 plane
249 946 371 1020 ahenas,
389 947 469 1004 inter
482 963 512 1004 se
532 945 604 1004 satis
619 945 774 1005 distinctas
793 947 854 1006 alia
868 946 980 1021 charta,
999 945 1059 1004 alio
1074 950 1153 1005 atra·

141 1038 250 1109 mento,
273 1035 402 1111 propriis
420 1037 599 1112 paginarum
619 1037 757 1094 numeris.
795 1055 921 1111 quarum
939 1036 972 1093 in
989 1038 1153 1110 posteriore

141 1125 283 1200 leguntur
300 1123 478 1201 Panegyrici
498 1123 565 1198 XII,
587 1125 670 1198 prior
692 1127 825 1184 continet
842 1143 903 1183 una
919 1143 1010 1182 manu
1028 1126 1153 1200 scriptas

142 1213 372 1272 declamationes
389 1212 568 1282 Quintiliani
584 1215 712 1272 minores
728 1215 902 1272 252-388
923 1216 952 1271 et
965 1212 1034 1271 inde
1049 1233 1066 1272 a
1079 1215 1154 1272 folio

144 1304 206 1360 147
232 1300 434 1377 Calpurnium.
476 1301 567 1362 codex
590 1304 738 1377 scriptura
757 1302 887 1378 eleganti
911 1304 1000 1376 atque
1023 1303 1155 1362 dilucida

141 1391 268 1468 insignis
292 1393 345 1449 est.
389 1391 472 1449 tituli
491 1391 678 1467 singularum
701 1389 951 1450 declamationum
968 1393 1061 1449 minio
1079 1394 1155 1468 picti

142 1482 219 1538 sunt.
260 1477 378 1538 litterae
396 1480 529 1538 initiales
547 1479 663 1537 desunt.
700 1477 751 1536 sed
770 1497 836 1537 cum
859 1478 999 1539 librarius
1017 1481 1153 1554 inprimis

142 1567 174 1625 id
203 1570 318 1644 ageret,
345 1571 380 1627 ut
406 1587 481 1644 opus
508 1567 720 1626 nitidissimam
747 1586 818 1644 prae
841 1585 872 1626 se
899 1569 991 1627 ferret
1017 1571 1153 1644 speciem,

142 1673 257 1715 errores
279 1674 353 1731 quos
376 1659 538 1729 commisit,
565 1658 626 1714 fero
649 1675 801 1732 nunquam
824 1659 964 1732 correxit,
992 1677 1028 1717 ne
1052 1660 1153 1718 oculus

142 1747 175 1802 in
206 1744 384 1822 perlegendo
412 1745 616 1803 offenderetur.
667 1749 848 1805 correcturas
877 1747 1022 1822 quasdam
1054 1752 1154 1807 autem

143 1833 260 1892 addidit
282 1835 378 1892 altera
400 1853 504 1893 manus
526 1836 616 1909 paulo
639 1834 793 1894 recentior.

212 1922 353 1982 Venimus
372 1923 410 1980 ad
424 1923 553 1982 codicem
569 1922 778 1982 Ohisianum
796 1925 924 1983 latinum
942 1924 973 1983 H
985 1924 1061 1984 VIII
1080 1927 1152 2000 261,
1168 1921 1197 1984 0

142 2049 214 2106 olim
239 2008 310 2147 {dab
333 2038 438 2128 (0110
461 2047 543 2122 folio,
566 2048 755 2107 chartaceum
779 2049 920 2108 foliorum
943 2051 984 2108 90
1007 2049 1154 2107 linearum

142 2173 193 2232 40.
237 2175 269 2230 in
301 2173 437 2250 catalogo
460 2172 658 2232 bibliothecae
682 2171 839 2232 chisianae
867 2172 921 2231 sub
944 2173 1034 2232 titulo
1062 2172 1152 2242 Quin-

141 2262 243 2323 tiliam
280 2262 397 2322 saeculo
428 2261 509 2334 XIV,
545 2261 599 2320 sub
633 2262 723 2320 titulo
760 2259 914 2337 Calpurnii
949 2263 1066 2321 saeculo
1098 2261 1153 2320 XV

141 2350 292 2410 tribuitur.
338 2350 389 2409 sod
415 2351 466 2410 vin
493 2349 625 2408 dubitari
652 2352 763 2425 potest,
777 2362 779 2367 '
792 2351 864 2424 quin
893 2351 933 2408 sit
955 2351 1067 2410 saeculi
1088 2350 1153 2410 XV.

143 2441 275 2498 continet
309 2439 361 2498 ille
399 2457 515 2513 quoque
548 2437 727 2508 Quintiliani
764 2439 993 2499 declamationes
1023 2442 1153 2500 minores

144 2529 330 2586 asa—388
364 2529 394 2586 01
426 2525 621 2603 Calpurnium
655 2528 738 2586 cuius
774 2526 896 2604 praebet
933 2529 973 2587 53
1007 2529 1152 2588 declama-

142 2619 252 2691 tiones,
286 2635 352 2676 cum
381 2618 414 2674 in
444 2618 549 2677 ceteris
580 2618 619 2674 51
651 2618 769 2675 tantum
796 2617 897 2676 insint.
949 2619 1057 2694 incipit
1086 2617 1152 2677 (lal-

142 2706 266 2780 purrrius
292 2707 325 2764 in
351 2707 464 2783 pagina
490 2723 577 2764 versa
605 2705 703 2764 media
729 2705 795 2764 folii
823 2707 874 2766 81.
919 2706 1082 2782 praefixum
1109 2711 1154 2767 est

144 2793 238 2854 codici
259 2793 365 2853 lolium
383 2794 511 2854 indicem
534 2795 687 2852 continens
710 2813 729 2852 a
751 2813 842 2854 manu
859 2796 1062 2855 recentissima
1085 2815 1152 2856 con-

28 2906 32 2918 ·
145 2874 287 2964 1001011)
333 2883 417 2941 tituli
436 2886 466 2942 et
489 2871 719 2959 subscriptiones
737 2884 830 2942 minio
853 2883 928 2959 picti
946 2888 1022 2944 sunt.
1063 2884 1153 2945 libra·

141 2974 206 3032 rius
230 2974 283 3048 qui
304 2972 435 3032 codicem
462 2972 571 3030 litteris
598 2971 749 3030 inclinatis
777 2971 914 3032 dilucidis
938 2973 1069 3049 scripsit,
1096 2974 1152 3032 lin-

141 3080 216 3138 guae
234 3061 348 3120 latinae
364 3061 472 3134 minus,
491 3063 525 3120 ut
538 3060 665 3134 videtur,
683 3063 796 3136 peritus
810 3061 877 3136 fuit,
896 3081 955 3137 quo
968 3064 1081 3120 factum
1100 3064 1153 3136 est,

214 3229 399 3299 011111οι01
418 3231 528 3283 secutus
546 3229 711 3284 Laubmann
734 3245 845 3299 quoque
867 3230 898 3283 in
917 3229 1006 3284 altera
1029 3230 1153 3285 aditione

142 3299 265 3371 catalogi
278 3300 413 3354 librorum
427 3300 682 3370 manuscriptorum
694 3299 885 3356 bibliothecae
898 3301 1074 3355 Monacensis
1089 3317 1153 3355 eum

140 3371 243 3425 tribuit
260 3372 371 3427 saeculo
390 3371 441 3426 XV
459 3373 580 3427 exeunti.

212 3445 239 3512 2)
257 3443 289 3495 ln
307 3460 362 3510 quo
382 3443 457 3512 quod
471 3450 504 3497 51
525 3442 744 3498 declamationes
758 3445 946 3508 numerentur,
964 3459 1046 3497 nemo
1066 3443 1153 3498 offen·

142 3514 199 3567 dat.
232 3515 355 3584 pertinet
373 3514 448 3568 enim
466 3515 515 3568 1110
533 3529 663 3568 numerus
683 3514 719 3566 ad
738 3514 890 3567 editionem
908 3513 1026 3568 Pitheci.
