2664 3920
386 216 689 272 DECLAMATIONES
708 217 898 271 XLVlll—Ll.
1102 219 1144 282 37

181 387 241 446 fert
258 388 452 465 rogationem,
475 390 509 446 ut
526 389 685 463 imperium
702 387 900 446 transferatur
918 386 956 444 ad
977 406 1146 462 pauperem.
1185 434 1187 439 .

182 495 295 552 pauper
318 477 501 536 contradicit.

203 671 312 746 Habes,
330 691 455 748 pauper,
478 672 589 750 grande
609 672 764 730 solacium:
789 671 938 746 reliquisti
959 669 1148 745 superstitem
1249 737 1252 746 Ι

138 762 243 839 legem.
280 760 405 836 procede
422 761 602 840 legumlator
622 760 659 818 ad
676 760 795 834 bellum,
813 762 898 818 muta
917 760 1019 818 stilum
1038 759 1146 838 gladio,

137 851 230 910 lorica
248 853 358 927 togam.
395 852 457 908 iam
469 851 607 909 fortunae
622 849 830 909 satisfecimus
846 852 876 908 et
893 849 1001 922 hostes
1015 849 1063 908 vel
1077 849 1147 906 dum
1161 870 1185 926 ⁵,

137 941 293 1012 vincimur,
307 939 507 1017 fatigavimus.
540 941 572 996 in
587 940 743 998 victoriam
756 957 850 1013 paene
865 939 994 998 succedis
1009 937 1145 996 alienam.
1267 939 1269 946 “

611 1231 672 1300 LI.

313 1374 451 1456 Raptor
474 1375 625 1440 duarum
648 1375 764 1440 fllium
788 1373 964 1440 nutriens.

136 1505 203 1563 Lnx
222 1523 394 1564 nnrrsnvn.
434 1507 555 1581 quidam
573 1505 646 1564 duas
664 1507 773 1580 rapuit.
818 1503 979 1580 productae
998 1505 1036 1563 ad
1054 1506 1146 1582 magi-

183 1596 307 1670 stratus,
341 1595 437 1654 altera
468 1597 602 1671 nuptias,
638 1595 732 1652 altera
763 1596 889 1652 mortem
919 1596 1003 1669 petit.
1053 1595 1187 1671 magi-10

183 1685 294 1742 stratus
312 1683 517 1742 humaniorem
536 1683 715 1742 sententiam
733 1684 827 1742 secuti
849 1684 925 1741 sunt.
966 1685 1034 1758 post
1052 1683 1147 1743 factas

181 1773 302 1847 nuptias
321 1772 384 1846 illa,
409 1772 488 1846 quod
509 1773 594 1849 virgo
617 1790 755 1848 perpessa
778 1775 830 1846 est,
854 1791 941 1847 quem
965 1774 1147 1847 conceperat,

181 1863 307 1936 peperit.
345 1862 488 1936 exposuit.
529 1861 633 1936 raptor
649 1861 778 1936 suscepit
792 1863 843 1936 qui
859 1857 930 1919 tunc
945 1864 1010 1919 erat
1023 1862 1147 1920 maritus

183 1950 306 2009 alterius
322 1953 352 2008 et
366 1950 444 2008 alere
459 1951 563 2025 coepit.
601 1969 667 2010 reus
683 1951 727 2010 est
741 1952 825 2008 uxori
841 1951 937 2008 malae
950 1951 1147 2008 tractationis.

204 2144 297 2203 Venit
320 2146 359 2204 ad
386 2163 438 2204 vos
460 2165 554 2220 prava
581 2139 688 2204 mulier
716 2147 890 2204 accusatura
911 2146 1063 2219 pietatem.
1103 2147 1147 2203 in·
1162 2167 1186 2208 15

137 2234 250 2292 fantem
274 2234 370 2294 adhuc
392 2235 480 2293 iussit
502 2234 573 2292 feris
595 2233 716 2292 canibus
740 2236 770 2291 et
792 2233 864 2292 diris
888 2233 1009 2292 alitibus
1033 2236 1147 2309 exponi.

138 2325 211 2397 puto
234 2325 329 2398 patris
353 2324 458 2382 similis
490 2324 641 2398 apparuit,
668 2322 746 2380 unde
768 2323 895 2381 matrem
924 2324 988 2381 tam
1017 2325 1148 2400 graviter

139 2411 269 2469 offendit.
307 2431 377 2471 nam
397 2413 448 2486 qui
466 2414 565 2486 potest
584 2412 750 2486 expositmn
767 2409 950 2486 praeterire?
986 2405 1147 2488 ‘ignoscere

137 2518 197 2558 non
219 2495 325 2575 potui’.
366 2503 401 2558 tu
424 2519 471 2559 me
495 2500 647 2574 docueras,
670 2500 784 2574 puella,
807 2502 948 2558 misereri.
994 2500 1029 2558 de
1052 2491 1147 2560 matre

137 2589 214 2646 nihil
237 2591 369 2648 memini.
411 2608 428 2647 o
452 2590 571 2667 gratum
600 2589 725 2647 infantis
756 2589 896 2648 errorem!
937 2592 967 2648 te
998 2591 1147 2648 existimat
1161 2612 1187 2651 so

138 2679 272 2736 matrem.
310 2679 397 2751 disca
420 2679 524 2737 infelix
542 2697 625 2753 puer,
643 2677 789 2736 natalium
807 2680 927 2737 tuorum
945 2679 1050 2752 fatum,
1069 2679 1147 2738 disce

137 2766 295 2824 fortunam.
341 2768 455 2842 pariter
481 2785 535 2826 nos
566 2765 666 2826 ambos
695 2767 803 2825 mulier
832 2767 953 2841 afflixit,
983 2770 1014 2826 et
1035 2769 1147 2843 pariter

137 2855 198 2912 alia
221 2854 357 2912 servabit.

227 3029 242 3074 3
261 3037 368 3091 pauper
385 3032 422 3077 B:
442 3025 524 3091 pater
544 3034 565 3076 o

227 3099 242 3145 9
262 3096 450 3164 et10mag⁹g
472 3105 493 3148 ο
595 3100 626 3148 11
646 3095 795 3149 humanius
813 3104 868 3148 Bo
963 3101 994 3148 12
1014 3110 1146 3164 perpessa

136 3174 200 3231 Bc,
219 3180 365 3233 perpressa
380 3167 540 3220 Bcamouu:
560 3167 617 3220 coll.
637 3167 682 3221 Oc.
698 3184 744 3220 ars
758 3172 784 3234 1,
798 3171 866 3233 3943
886 3167 962 3234 quod
976 3165 1065 3220 vnum
1084 3183 1146 3235 per-

135 3251 219 3305 pessa
238 3237 299 3290 crat
321 3236 479 3308 Scantiam,-
502 3237 578 3304 qnod
596 3239 723 3306 stuprum
745 3237 824 3307 virgo
847 3253 979 3307 perpessa
1002 3239 1045 3292 cst
1063 3238 1146 3292 Klots

138 3307 302 3394 lidalterius
315 3325 339 3362 c.
355 3308 527 3374 Winterfeld,
541 3309 640 3362 Plu'lcl.
652 3313 688 3362 55
700 3313 798 3376 (1896)
810 3313 919 3391 1³:1⁸9*
934 3307 1041 3362 alienus
1050 3317 1113 3390 150·
1138 3378 1143 3390 .

136 3377 645 3532 u¹al.stsr1uaur
657 3389 872 3532 carasca
887 3389 925 3504 a
939 3384 1146 3532 clauc

133 3527 193 3643 sratt
210 3527 235 3574 et
253 3539 319 3576 corr.
335 3522 478 3577 Neocletcs
550 3527 582 3574 22
602 3524 708 3590 pariter
727 3539 776 3576 om.
791 3526 819 3574 B
889 3526 922 3574 23
942 3522 1063 3575 servabit
1083 3522 1144 3577 Gn:

135 3609 176 3644 -v1
207 3600 260 3645 Bc
