2664 3920
409 157 715 226 unouuuuuouus
733 158 904 214 xiv-nu.
1122 162 1163 226 15

616 409 694 478 XV.

457 551 528 618 Ter
550 551 659 620 fortis
683 552 857 620 desertor.

152 703 318 762 Dasnnnoa
333 719 444 760 curma
458 720 617 762 rvumrva
655 720 716 760 rua
729 719 782 761 vm
794 719 904 761 ronnas
918 719 1038 760 nmrm
1055 719 1165 762 vnonr.

196 809 356 850 rnumvn
369 808 484 850 vroroa
501 809 679 850 rnrnnuron
692 807 845 850 nocuum.
887 793 934 850 ter
947 793 1045 850 virum
1057 791 1166 851 fortem

196 882 360 956 imperator
388 881 485 958 coegit
513 881 551 939 ad
577 880 696 939 bellum.
743 882 862 940 ooaetus
889 881 1027 940 deseruit.
1072 883 1194 956 impe-s

195 972 279 1029 rator
307 971 440 1044 praemio
470 971 681 1045 impunitatem
711 969 868 1030 desertoris
898 972 983 1045 petit.
1035 969 1167 1030 desertor

190 1058 381 1118 eontradieit.
822 1074 831 1093 s

218 1236 323 1311 Aequo
348 1237 446 1294 animo
469 1237 633 1311 imperator
655 1235 746 1308 ferat,
774 1235 914 1310 si'quem
936 1237 1034 1294 virum
1057 1237 1165 1296 fortem

151 1328 285 1387 senserat
303 1325 521 1400 obsequentem,
545 1325 723 1384 desertorem
741 1324 843 1383 videat
865 1323 1090 1384 contumaeem?
1112 1345 1166 1384 nee

151 1433 279 1491 poenam
297 1433 418 1489 possum
430 1433 566 1474 recusare
584 1416 653 1488 post
665 1413 794 1488 erdpam
812 1431 866 1472 neo
884 1414 1003 1472 reniam
1021 1415 1166 1473 sustinere
1181 1435 1207 1474 1o

151 1506 220 1580 post
239 1504 372 1581 gloriam.
409 1504 551 1563 Miserum
565 1521 621 1576 me,
639 1503 722 1561 euius
741 1521 795 1561 nee
813 1503 939 1561 infamia
955 1504 1055 1579 potest
1073 1502 1166 1562 latere

151 1611 206 1652 nee
224 1593 327 1670 gloria.
369 1611 429 1650 non
448 1593 517 1650 ante
534 1610 598 1649 rem
616 1590 766 1666 publicam
786 1610 876 1666 quam
894 1611 942 1650 me
959 1594 1023 1668 ipse
1042 1592 1165 1652 deserui.

152 1684 182 1740 et
205 1683 296 1740 armis
319 1682 349 1740 et
375 1682 444 1740 telis
472 1681 713 1740 honestissimum
737 1699 843 1756 eorpus
870 1683 992 1740 oneravi
1020 1684 1063 1756 et,
1087 1681 1166 1756 quod

152 1787 213 1829 non
236 1771 299 1828 sine
321 1770 440 1845 piaculo
467 1769 581 1828 foetum
604 1771 660 1842 est,
688 1772 859 1828 consecrata
886 1771 1059 1830 iamdudum
1083 1789 1165 1829 arma

152 1856 282 1935 deposui.
329 1861 374 1918 sto
403 1860 433 1916 et
454 1878 554 1936 pugno
581 1877 635 1933 pro
658 1859 781 1937 legibus.
828 1860 916 1918 aliter
945 1861 1024 1919 enim
1046 1860 1166 1919 fortiter
1180 1879 1206 1920 rs

151 1949 249 2007 faeere
278 1949 340 2006 iam
368 1949 401 2006 in
430 1948 486 2006 hae
520 1949 618 2007 aetate
650 1967 709 2007 non
738 1967 866 2023 possum.
920 1950 1007 2027 grata
1037 1951 1106 2009 sunt
1135 1952 1166 2008 et

152 2039 279 2097 erimina
301 2037 472 2110 desertoris,
500 2037 579 2112 apud
602 2055 691 2112 quem
718 2038 793 2095 nihil
821 2038 981 2097 valuerunt
1006 2037 1165 2116 privilegia
1196 2061 1199 2066 ·

151 2128 211 2186 viri
229 2127 323 2186 fortis.
360 2145 471 2185 novum
490 2145 581 2204 genus
598 2126 806 2186 damnationis.
843 2127 996 2204 ignoscere
1013 2128 1094 2185 volo:
1113 2146 1166 2185 eur

151 2217 231 2275 enim
250 2215 383 2274 dubitem
400 2233 454 2290 per
474 2215 631 2273 infamiam
649 2234 737 2275 senex
755 2216 848 2274 emori
869 2217 921 2290 qui
940 2217 1031 2274 etiam
1049 2217 1165 2275 iuvenis

150 2307 255 2382 optavi
277 2323 365 2380 saepe
388 2299 484 2380 (per)
508 2305 642 2381 gloriam.
1179 2325 1207 2366 ao

609 2561 706 2630 XVI.

521 2704 637 2787 Rapta
659 2705 791 2774 means.

151 2852 217 2910 Lux
240 2870 413 2914 sarnanum
454 2856 542 2930 rapta
564 2856 709 2930 producta
733 2855 770 2914 ad
798 2857 991 2933 magistratus
1016 2856 1112 2913 tacuit
1134 2857 1165 2912 et

195 2941 287 3002 flevit.
317 2945 510 3021 magistratus
524 2944 560 3002 de
573 2946 694 3020 raptore
708 2945 888 3019 supplicium
902 2945 1035 3018 sumpsit.
1063 2943 1165 3018 puella

193 3033 407 3179 &interemit
448 3052 515 3092 reus
539 3035 584 3092 est
606 3035 814 3111 magistratus,
844 3033 923 3108 quod
946 3051 1034 3091 eausa
1057 3033 1162 3092 mortis
1176 3051 1203 3091 aa

227 3123 291 3181 erit.

237 3308 352 3363 3milia
371 3319 399 3361 B
504 3308 738 3378 timpanitatem
764 3308 888 3363 desertor
916 3315 979 3363 aute
1002 3307 1095 3378 coegit
1113 3318 1166 3362 Bc

150 3403 287 3466 aquen
358 3403 391 3452 10
409 3400 568 3466 assunto
627 3403 659 3452 12
680 3399 745 3452 ante
763 3385 897 3452 {dd—te
914 3406 968 3450 ue
1030 3402 1062 3450 13
1082 3397 1164 3450 annis

151 3480 172 3522 ι’
243 3474 275 3522 17
295 3469 407 3524 valuere
425 3478 453 3522 B
524 3474 557 3523 20
576 3485 627 3538 per
644 3469 708 3523 add.
727 3471 858 3524 Pithoeus
929 3467 1019 3536 gloria
1040 3478 1061 3521 ι’

239 3544 272 3594 22
291 3543 438 3610 raptarum
455 3550 519 3608 303
538 3542 622 3608 rapta
639 3541 735 3593 tacens
755 3551 771 3591 s
1105 3569 1109 3578 -
