2664 3920
551 144 701 199 Praefatio.
1071 144 1137 222 XXl

118 314 243 372 schritte
260 313 314 482 pler
332 313 514 373 klassischen
534 312 906 374 Altertumswissenschaft
927 316 988 373 113
1008 307 1137 396 (1902),

120 404 184 462 109
195 421 282 478 sqq..

185 490 251 550 Hoc
263 511 355 550 unum
372 491 449 550 addo
467 511 514 550 me
532 491 601 550 inde
621 510 639 551 a
661 491 734 551 decl.
754 493 795 550 32
815 511 953 552 numeros
967 492 1133 551 editionum

117 580 252 656 priorum
284 581 317 638 in
345 583 479 659 margine
509 581 694 658 adposuisse,
729 581 800 656 quia
834 600 927 641 novas
956 581 1025 640 illas
1058 581 1132 640 duas

120 668 349 728 declamationes
371 689 426 746 per
448 667 478 731 0
497 673 629 730 servatas
652 669 750 729 ordini
771 670 891 729 inserui.

185 757 250 817 Iam
278 760 386 833 restat,
418 761 453 817 ut
481 759 594 836 gratias
627 777 715 836 agam
749 758 791 817 eis
822 779 947 834 quorum
982 778 1073 835 opera
1102 761 1133 818 et

120 847 231 906 auxilio
249 848 281 905 in
299 846 480 907 conficienda
497 849 554 906 hac
573 847 702 906 editione
725 849 771 906 uti
793 848 868 906 mihi
889 848 983 907 licuit.
1007 867 1133 924 quorum

117 937 150 994 in
179 956 301 996 numero
332 935 429 1012 primo
460 937 526 996 loco
554 939 674 996 nomino
703 935 852 1014 Angelum
880 939 910 996 et
941 938 1133 996 hendecum

117 1023 266 1085 Dessauer
302 1026 354 1101 qui
390 1044 505 1084 summa
541 1026 682 1086 comitate
719 1028 809 1101 atque
845 1025 1027 1086 liberalitate
1058 1027 1133 1085 mihi

117 1113 255 1191 Hugonis
274 1114 430 1188 Deesauer,
452 1118 643 1192 praematura
663 1118 759 1174 morte
777 1115 887 1174 litteris
912 1117 1001 1190 atque
1025 1115 1132 1174 studiis

118 1204 222 1279 erepti,
240 1203 414 1262 collationes
428 1207 518 1279 atque
533 1203 653 1263 schedas
667 1205 700 1262 in
719 1202 914 1280 Calpurnium
933 1203 971 1262 ad
989 1205 1133 1263 utendum

117 1290 315 1365 tradiderunt,
338 1292 443 1351 deinde
461 1291 603 1352 Ottouem
621 1291 746 1351 Schwab
771 1293 823 1368 qui
844 1292 919 1350 mihi
941 1292 1133 1355 collationem

119 1379 253 1439 Ohisiaui
275 1380 400 1459 benigne
422 1382 598 1457 transmisit,
621 1385 687 1440 tum
710 1383 763 1456 qui
779 1384 923 1457 praesunt
944 1381 1131 1440 bibliothecis

116 1469 290 1528 Monacensi
318 1472 349 1528 et
376 1471 519 1530 Beruensi
550 1470 657 1546 quibus
688 1469 857 1529 auctoribus
887 1469 1001 1530 codices
1029 1471 1132 1530 Mona-

119 1576 219 1617 censes
243 1560 273 1617 et
294 1558 474 1619 Beruensem
496 1559 636 1618 Monachi
657 1560 802 1637 inspicere
827 1559 901 1618 mihi
923 1559 1022 1634 licuit,
1050 1560 1131 1618 deni-

119 1666 177 1722 que
199 1646 355 1706 Alfredum
377 1647 469 1707 Klotz
496 1648 707 1709 amicissimum
735 1648 787 1724 qui
813 1667 873 1707 non
900 1649 988 1708 modo
1016 1667 1132 1712 mecum

117 1735 250 1794 laborem
279 1736 470 1814 plagularum
492 1737 767 1813 perlustrandarum
790 1740 932 1814 suscepit,
961 1738 1011 1798 sed
1040 1739 1132 1797 etiam

117 1823 155 1882 de
184 1822 285 1884 multis
315 1824 387 1884 loois
418 1827 565 1885 sententia
594 1845 709 1885 mecum
743 1827 961 1886 communicata
990 1826 1064 1886 bene
1096 1827 1131 1886 de

118 1911 281 1988 Calpurnio
304 1914 426 1974 meritus
450 1917 501 1974 est.

183 2055 342 2134 Lipsiae,
365 2076 465 2117 mense
488 2058 628 2118 Ianuario
654 2059 749 2119 1903.

754 2175 911 2264 Georgius
935 2176 1087 2244 lehnert.
