2664 3920
175 160 216 223 14
505 103 699 215 GALl'VltNIl
716 159 842 215 FLACCI

217 347 417 388 enarrandus.
440 330 581 406 ¹quidam
611 349 646 389 ex
675 329 789 389 duobus
816 330 917 389 liberis
945 330 1073 389 alterum
1102 329 1187 390 abdi·
1312 335 1313 342 ’

217 419 305 478 cavit.
354 413 552 495 (abdicatus)
582 418 734 478 addictum
760 420 865 494 postea
895 419 1035 478 creditori
1067 421 1186 495 patrem

216 508 343 566 redemit
365 509 396 566 et
418 509 599 569 manumisit.
641 527 700 583 quo
723 510 840 566 mortuo
862 508 1018 586 ambigrmt
1036 508 1072 567 de
1089 508 1185 583 bunia,

217 596 370 657 abdicatus
384 599 448 656 iure
462 599 583 672 patroni
597 598 627 655 et
640 597 719 655 filius
734 599 806 672 quia
825 599 858 655 in
875 597 993 656 familia
1010 599 1184 673 permansit

146 775 158 816 5
238 756 385 832 liquidem
413 775 467 816 nec
496 775 620 815 avarum
654 776 700 816 me
730 757 820 817 fixisse
850 777 903 817 nec
932 759 1059 833 impium
1088 757 1183 817 docui.

171 864 242 904 nam
261 847 291 906 et
308 846 420 904 redemi
436 847 554 920 patrem
572 848 603 904 et
616 847 783 905 manumisi.
822 841 986 906 ‘abdicatus
1005 840 1057 920 es',
1075 848 1183 922 inquit.

173 953 217 1008 en,
242 953 330 1010 quem
351 936 438 1010 putes
457 934 585 995 doluisse
604 953 704 994 casum
722 955 828 1009 meum,
850 935 930 995 filius
951 936 1025 995 dicit
1041 935 1183 994 beneficio

171 1026 304 1098 parentis
323 1041 354 1082 se
373 1043 435 1082 esee
448 1025 604 1098 nutritum,
619 1025 681 1083 eius
695 1025 882 1102 indulgentia
896 1024 1064 1084 libe1tatem
1078 1026 1184 1086 civita-

170 1115 291 1188 temque
314 1115 460 1172 sortitum.
503 1114 535 1171 at
556 1113 631 1172 haec
653 1115 719 1188 ipsa
740 1116 884 1188 patronus
907 1113 1015 1174 liberto
1039 1132 1091 1173 suo
1115 1132 1183 1174 con·

131 1221 157 1260 ιο
170 1203 243 1261 tulit
266 1221 341 1278 quae
367 1201 446 1262 filius
475 1221 493 1261 a
519 1204 643 1277 parente
670 1204 810 1278 percepit.
856 1203 979 1278 proinde
1007 1202 1183 1262 beneficium

170 1291 345 1350 hereditatis
372 1290 434 1350 filio
467 1291 567 1366 datur,
594 1292 722 1367 patrono
754 1291 895 1350 redditur.
943 1292 1076 1352 addictus
1108 1311 1183 1350 nun·

171 1399 261 1455 quam
284 1383 384 1457 sperat
403 1379 586 1455 libertatem3
609 1379 795 1458 negligenter
818 1381 945 1438 enimet
968 1381 1184 1440 contumaciter

170 1471 263 1530 servit
282 1471 334 1545 qui
353 1471 462 1529 servire
480 1488 540 1529 uon
558 1470 650 1528 novit.
689 1469 760 1546 quid
778 1469 853 1526 mihi
872 1468 1077 1529 abdicatorum
1090 1469 1182 1529 obicis

170 1557 287 1637 legem?
327 1577 391 1636 ego,
415 1558 440 1616 si
463 1560 549 1632 quasi
565 1558 645 1618 filius
669 1559 825 1633 experirer,
847 1560 954 1617 merito
973 1561 1008 1618 ut
1028 1559 1181 1620 abdicatus

130 1665 156 1705 re
170 1648 339 1722 expellerer.
380 1649 449 1705 utor
466 1648 587 1722 patroni
606 1649 731 1721 actione,
753 1662 813 1706 non
831 1647 894 1706 filii.
939 1648 1011 1723 quid
1029 1645 1130 1706 enim?
1156 1649 1182 1707 si

170 1755 230 1794 non
253 1738 330 1796 esset
346 1737 552 1811 manumissus,
575 1737 725 1811 peculium
744 1738 822 1796 servi
839 1738 899 1795 mei
916 1739 1039 1813 peteres
1081 1725 1182 1811 specta

170 1825 302 1884 defuncti
325 1825 527 1884 condicionem
549 1843 625 1899 quae
647 1824 706 1884 fuit
728 1827 833 1884 mortis
855 1828 997 1902 tempore,
1022 1845 1082 1884 non
1105 1845 1181 1901 quae

111 1940 115 1950 *
170 1912 330 1990 aliquando
356 1913 524 1989 praecessit.
570 1915 686 1973 sistitur
712 1915 826 1974 venalis
849 1918 947 1990 pater,
975 1933 1035 1973 non
1057 1915 1181 1974 festinat

168 2003 217 2062 hic
244 2002 338 2062 bonus
366 2002 458 2076 filius,
487 2022 547 2061 non
570 2003 696 2078 denique
723 2005 844 2076 metuit,
874 2023 911 2062 ne
940 2004 1027 2062 illum
1053 2003 1180 2062 redimat

128 2109 155 2149 ac
170 2092 330 2151 abdicatus
375 2091 455 2152 filius
481 2093 625 2151 incolumi
652 2092 799 2170 dignitate
828 2111 888 2150 non
910 2093 1011 2167 potuit
1033 2093 1180 2168 explicare

169 2184 315 2257 quantum
338 2180 490 2242 abdicatus
512 2181 661 2256 explicuit.
707 2182 843 2257 quotiens
867 2200 898 2240 se
920 2184 1006 2257 pater
1028 2184 1179 2257 paenitere

168 2272 316 2330 confessus
341 2272 397 2330 est!
439 2272 576 2346 quotiens
599 2271 635 2328 de
658 2271 746 2329 huius
765 2270 958 2346 simplicitate
981 2269 1179 2346 conquestus?

167 2361 284 2420 utinam
310 2360 443 2419 licuisset
472 2360 589 2419 addicto
620 2377 753 2418 exercere
779 2361 826 2418 ius
849 2361 994 2435 patrium:
1025 2362 1101 2420 esset
1129 2360 1178 2420 hic

168 2448 330 2520 abdicatus,
352 2449 400 2507 hic
422 2447 510 2508 filius.
555 2449 633 2508 bona
650 2451 718 2524 ipsa
735 2468 800 2508 meo
824 2451 894 2508 sunt
913 2447 1014 2507 labore
1033 2450 1175 2523 quaesita,

126 2555 153 2595 ss
166 2538 244 2596 unde
267 2555 354 2596 senex
376 2539 486 2596 testare
505 2539 610 2611 noluit,
633 2557 670 2596 ne
688 2538 763 2596 mihi
787 2538 873 2613 quasi
891 2556 977 2597 suurn
997 2538 1179 2613 relinqueret

166 2626 245 2702 quod
268 2645 367 2684 mcum
389 2628 485 2686 sciret.
530 2629 565 2686 tu
587 2627 663 2685 illud
691 2629 774 2702 prius
798 2627 1007 2701 consumpsisti
1033 2628 1176 2702 patrimo-

166 2717 258 2789 nium,
275 2715 352 2774 illud
371 2717 511 2791 amplum,
533 2716 609 2774 illud
629 2716 707 2791 quod
724 2715 809 2774 nobis
827 2715 991 2790 parabatur
1008 2715 1178 2790 heredibus,

166 2823 220 2883 ego
249 2806 367 2880 postulo
397 2807 498 2880 tenue,
527 2803 714 2879 libertinum,
749 2804 828 2879 quod
858 2806 909 2863 vix
944 2803 1055 2864 sufficit
1083 2806 1177 2880 ipsius

165 2895 272 2952 funeri.
324 2894 372 2952 hic
403 2895 482 2953 enim
515 2894 632 2969 quando
668 2894 791 2970 sepeliet
823 2895 970 2952 iacentem
1000 2895 1051 2969 qui
1081 2895 1177 2952 noluit

125 3003 152 3044 ao
165 2981 309 3042 redimere
331 2981 487 3042 venalem?

254 3168 436 3225 aabdicatue
450 3171 514 3226 odd.
532 3171 579 3226 Gr.
657 3169 761 3239 iquia
779 3171 878 3226 Klotz:
896 3170 946 3238 qui
963 3180 1017 3224 Bc
1088 3173 1175 3237 'tque

167 3260 187 3303 ο
270 3234 378 3324 dolenle
398 3259 478 3318 sem
498 3249 642 3305 dolenses
662 3251 940 3322 (enioroscmuil
960 3260 982 3303 a*
1065 3249 1178 3303 9adc¹

166 3335 199 3383 14
217 3330 306 3384 filium
324 3340 387 3398 Βος
406 3342 506 3387 coras
586 3335 619 3385 16
637 3333 747 3400 peteres
767 3343 794 3384 s:
815 3331 850 3384 -is
866 3339 919 3383 110
998 3335 1031 3383 18
1051 3329 1176 3398 aliquam

165 3401 353 3470 depraeceesit
381 3413 411 3470 ος
440 3401 592 3471 aliquando
620 3403 757 3471 processit
779 3412 807 3456 B
935 3405 968 3454 10
992 3400 1127 3455 abdicans
1149 3409 1177 3454 11

164 3477 198 3526 11
217 3472 311 3526 huius:
331 3489 383 3528 sua
399 3474 542 3545 Sotaltiop
614 3479 647 3528 15
666 3473 765 3528 testari
785 3486 801 3526 s
876 3477 910 3526 18
929 3473 1006 3526 tenet
1024 3482 1087 3540 13⁶3
1106 3488 1173 3528 corr.

164 3556 182 3596 s
252 3549 285 3597 11
305 3559 388 3613 saepe
406 3544 473 3600 lieet
492 3556 514 3599 ι’

1309 3243 1313 3320 l
