<?xml version="1.0" encoding="UTF-8"?>
<!DOCTYPE html PUBLIC "-//W3C//DTD XHTML 1.0 Transitional//EN"
    "http://www.w3.org/TR/xhtml1/DTD/xhtml1-transitional.dtd">
<html xmlns="http://www.w3.org/1999/xhtml" xml:lang="en" lang="en">
 <head>
  <title>
</title>
<meta http-equiv="Content-Type" content="text/html;charset=utf-8" />
  <meta name='ocr-system' content='tesseract 3.04.00' />
  <meta name='ocr-capabilities' content='ocr_page ocr_carea ocr_par ocr_line ocrx_word'/>
</head>
<body>
  <div class='ocr_page' id='page_1' title='image "./calpvrniiflacci01flacgoog_0013.png"; bbox 0 0 2664 3920; ppageno 0'>
   <div class='ocr_carea' id='block_1_1' title="bbox 191 216 769 271">
    <p class='ocr_par' dir='ltr' id='par_1_1' title="bbox 191 216 769 271">
     <span class='ocr_line' id='line_1_1' title="bbox 191 216 769 271; baseline -0.003 -1"><span class='ocrx_word' id='word_1_1' title='bbox 191 217 231 270; x_wconf 89' lang='lat' dir='ltr'>VI</span> <span class='ocrx_word' id='word_1_2' title='bbox 620 216 769 271; x_wconf 88' lang='lat' dir='ltr'>Praefatio.</span> 
     </span>
    </p>
   </div>
   <div class='ocr_carea' id='block_1_2' title="bbox 139 383 1309 2954">
    <p class='ocr_par' dir='ltr' id='par_1_2' title="bbox 189 383 1309 2772">
     <span class='ocr_line' id='line_1_2' title="bbox 193 383 1198 461; baseline 0.002 -19"><span class='ocrx_word' id='word_1_3' title='bbox 193 383 371 454; x_wconf 76' lang='lat' dir='ltr'><strong>Quintiliani</strong></span> <span class='ocrx_word' id='word_1_4' title='bbox 395 386 583 460; x_wconf 77' lang='lat' dir='ltr'>acc—388,</span> <span class='ocrx_word' id='word_1_5' title='bbox 611 386 835 444; x_wconf 66' lang='lat' dir='ltr'>selca-115</span> <span class='ocrx_word' id='word_1_6' title='bbox 865 389 1003 461; x_wconf 86' lang='lat' dir='ltr'>excerpta</span> <span class='ocrx_word' id='word_1_7' title='bbox 1033 405 1067 442; x_wconf 86' lang='lat' dir='ltr'>ex</span> <span class='ocrx_word' id='word_1_8' title='bbox 1091 383 1198 444; x_wconf 82' lang='lat' dir='ltr'>Seneca</span> 
     </span>
     <span class='ocr_line' id='line_1_3' title="bbox 191 473 1198 550; baseline 0.002 -18"><span class='ocrx_word' id='word_1_9' title='bbox 191 475 309 534; x_wconf 87' lang='lat' dir='ltr'>rhetore</span> <span class='ocrx_word' id='word_1_10' title='bbox 331 475 425 548; x_wconf 82' lang='lat' dir='ltr'>facta,</span> <span class='ocrx_word' id='word_1_11' title='bbox 452 474 503 532; x_wconf 89' lang='lat' dir='ltr'>fol.</span> <span class='ocrx_word' id='word_1_12' title='bbox 525 476 586 532; x_wconf 89' lang='grc'>116</span> <span class='ocrx_word' id='word_1_13' title='bbox 611 474 758 550; x_wconf 90' lang='lat' dir='ltr'>incipiunt</span> <span class='ocrx_word' id='word_1_14' title='bbox 781 491 814 532; x_wconf 81' lang='lat' dir='ltr'>cc</span> <span class='ocrx_word' id='word_1_15' title='bbox 840 473 1000 547; x_wconf 73' lang='lat' dir='ltr'>Calpurnio</span> <span class='ocrx_word' id='word_1_16' title='bbox 1023 473 1133 534; x_wconf 81' lang='lat' dir='ltr'>Flacco</span> <span class='ocrx_word' id='word_1_17' title='bbox 1157 492 1198 534; x_wconf 86' lang='lat' dir='ltr'>ec·</span> 
     </span>
     <span class='ocr_line' id='line_1_4' title="bbox 191 555 1197 644; baseline 0 -22"><span class='ocrx_word' id='word_1_18' title='bbox 191 567 304 636; x_wconf 77' lang='lat' dir='ltr'>ccrptoc</span> <span class='ocrx_word' id='word_1_19' title='bbox 327 555 380 644; x_wconf 82' lang='lat' dir='ltr'>(so.</span> <span class='ocrx_word' id='word_1_20' title='bbox 405 555 687 644; x_wconf 82' lang='lat' dir='ltr'>declamationes).¹)</span> <span class='ocrx_word' id='word_1_21' title='bbox 733 564 794 620; x_wconf 90' lang='lat' dir='ltr'>iam</span> <span class='ocrx_word' id='word_1_22' title='bbox 821 562 889 621; x_wconf 89' lang='lat' dir='ltr'>inde</span> <span class='ocrx_word' id='word_1_23' title='bbox 920 567 1044 639; x_wconf 90' lang='lat' dir='ltr'>apparet</span> <span class='ocrx_word' id='word_1_24' title='bbox 1072 562 1197 622; x_wconf 79' lang='lat' dir='ltr'><strong>codicem</strong></span> 
     </span>
     <span class='ocr_line' id='line_1_5' title="bbox 192 651 1192 730; baseline 0.002 -21"><span class='ocrx_word' id='word_1_25' title='bbox 192 669 255 710; x_wconf 87' lang='lat' dir='ltr'>esso</span> <span class='ocrx_word' id='word_1_26' title='bbox 284 651 472 726; x_wconf 89' lang='lat' dir='ltr'>mutilatum,</span> <span class='ocrx_word' id='word_1_27' title='bbox 503 651 593 710; x_wconf 90' lang='lat' dir='ltr'>immo</span> <span class='ocrx_word' id='word_1_28' title='bbox 616 672 653 710; x_wconf 93' lang='lat' dir='ltr'>ne</span> <span class='ocrx_word' id='word_1_29' title='bbox 676 652 780 709; x_wconf 82' lang='lat' dir='ltr'>folium</span> <span class='ocrx_word' id='word_1_30' title='bbox 813 653 874 710; x_wconf 89' lang='grc'>116</span> <span class='ocrx_word' id='word_1_31' title='bbox 907 651 1025 727; x_wconf 93' lang='lat' dir='ltr'>quidem</span> <span class='ocrx_word' id='word_1_32' title='bbox 1054 652 1192 730; x_wconf 71' lang='lat' dir='ltr'>integrum</span> 
     </span>
     <span class='ocr_line' id='line_1_6' title="bbox 192 740 1192 816; baseline 0.001 -17"><span class='ocrx_word' id='word_1_33' title='bbox 192 742 341 800; x_wconf 84' lang='lat' dir='ltr'>servatum</span> <span class='ocrx_word' id='word_1_34' title='bbox 365 742 422 814; x_wconf 81' lang='lat' dir='ltr'>est3</span> <span class='ocrx_word' id='word_1_35' title='bbox 450 740 531 799; x_wconf 87' lang='lat' dir='ltr'>deest</span> <span class='ocrx_word' id='word_1_36' title='bbox 555 741 633 798; x_wconf 89' lang='lat' dir='ltr'>enim</span> <span class='ocrx_word' id='word_1_37' title='bbox 656 741 777 799; x_wconf 88' lang='lat' dir='ltr'>dextera</span> <span class='ocrx_word' id='word_1_38' title='bbox 806 759 875 816; x_wconf 84' lang='lat' dir='ltr'>pars</span> <span class='ocrx_word' id='word_1_39' title='bbox 898 742 1033 815; x_wconf 88' lang='lat' dir='ltr'>inferior,</span> <span class='ocrx_word' id='word_1_40' title='bbox 1062 740 1132 816; x_wconf 91' lang='lat' dir='ltr'>quia</span> <span class='ocrx_word' id='word_1_41' title='bbox 1155 754 1192 800; x_wconf 70' lang='lat' dir='ltr'>cc·</span> 
     </span>
     <span class='ocr_line' id='line_1_7' title="bbox 190 826 1192 907; baseline 0 -19"><span class='ocrx_word' id='word_1_42' title='bbox 190 829 275 888; x_wconf 89' lang='lat' dir='ltr'>rebat</span> <span class='ocrx_word' id='word_1_43' title='bbox 297 830 438 888; x_wconf 89' lang='lat' dir='ltr'>volumen</span> <span class='ocrx_word' id='word_1_44' title='bbox 460 832 640 907; x_wconf 86' lang='lat' dir='ltr'>tegumento.</span> <span class='ocrx_word' id='word_1_45' title='bbox 686 829 764 887; x_wconf 86' lang='lat' dir='ltr'>unde</span> <span class='ocrx_word' id='word_1_46' title='bbox 787 830 900 888; x_wconf 89' lang='lat' dir='ltr'>factum</span> <span class='ocrx_word' id='word_1_47' title='bbox 923 833 981 905; x_wconf 89' lang='lat' dir='ltr'>est,</span> <span class='ocrx_word' id='word_1_48' title='bbox 1003 832 1038 889; x_wconf 90' lang='lat' dir='ltr'>ut</span> <span class='ocrx_word' id='word_1_49' title='bbox 1061 833 1091 888; x_wconf 89' lang='lat' dir='ltr'>et</span> <span class='ocrx_word' id='word_1_50' title='bbox 1113 826 1192 906; x_wconf 77' lang='lat' dir='ltr'>primi</span> 
     </span>
     <span class='ocr_line' id='line_1_8' title="bbox 192 917 1192 994; baseline -0.004 -18"><span class='ocrx_word' id='word_1_51' title='bbox 192 921 221 976; x_wconf 92' lang='lat' dir='ltr'>et</span> <span class='ocrx_word' id='word_1_52' title='bbox 243 917 343 975; x_wconf 88' lang='lat' dir='ltr'>ultimi</span> <span class='ocrx_word' id='word_1_53' title='bbox 366 918 432 977; x_wconf 84' lang='lat' dir='ltr'>folii</span> <span class='ocrx_word' id='word_1_54' title='bbox 455 919 602 994; x_wconf 85' lang='lat' dir='ltr'>scriptura</span> <span class='ocrx_word' id='word_1_55' title='bbox 628 918 800 994; x_wconf 89' lang='lat' dir='ltr'>plerumque</span> <span class='ocrx_word' id='word_1_56' title='bbox 828 918 939 976; x_wconf 90' lang='lat' dir='ltr'>detrita</span> <span class='ocrx_word' id='word_1_57' title='bbox 962 919 1009 977; x_wconf 90' lang='lat' dir='ltr'>sit.</span> <span class='ocrx_word' id='word_1_58' title='bbox 1056 938 1145 994; x_wconf 90' lang='lat' dir='ltr'>quam</span> <span class='ocrx_word' id='word_1_59' title='bbox 1158 918 1192 973; x_wconf 93' lang='lat' dir='ltr'>ut</span> 
     </span>
     <span class='ocr_line' id='line_1_9' title="bbox 190 1006 1309 1083; baseline -0.002 -19"><span class='ocrx_word' id='word_1_60' title='bbox 190 1009 412 1083; x_wconf 76' lang='lat' dir='ltr'>recuperarent,</span> <span class='ocrx_word' id='word_1_61' title='bbox 449 1007 507 1066; x_wconf 82' lang='lat' dir='ltr'>viri</span> <span class='ocrx_word' id='word_1_62' title='bbox 538 1007 617 1066; x_wconf 92' lang='lat' dir='ltr'>docti</span> <span class='ocrx_word' id='word_1_63' title='bbox 649 1007 722 1066; x_wconf 82' lang='lat' dir='ltr'>folia</span> <span class='ocrx_word' id='word_1_64' title='bbox 758 1007 813 1065; x_wconf 90' lang='lat' dir='ltr'>illa</span> <span class='ocrx_word' id='word_1_65' title='bbox 847 1009 967 1067; x_wconf 85' lang='lat' dir='ltr'>venenis</span> <span class='ocrx_word' id='word_1_66' title='bbox 998 1006 1191 1068; x_wconf 78' lang='lat' dir='ltr'>tractaverunt</span> <span class='ocrx_word' id='word_1_67' title='bbox 1308 1049 1309 1062; x_wconf 64' lang='grc'>,</span> 
     </span>
     <span class='ocr_line' id='line_1_10' title="bbox 192 1095 1309 1173; baseline -0.003 -19"><span class='ocrx_word' id='word_1_68' title='bbox 192 1113 298 1172; x_wconf 88' lang='lat' dir='ltr'>eaque,</span> <span class='ocrx_word' id='word_1_69' title='bbox 326 1095 397 1154; x_wconf 90' lang='lat' dir='ltr'>licet</span> <span class='ocrx_word' id='word_1_70' title='bbox 424 1095 526 1170; x_wconf 90' lang='lat' dir='ltr'>aliqua</span> <span class='ocrx_word' id='word_1_71' title='bbox 553 1097 648 1155; x_wconf 92' lang='lat' dir='ltr'>denuo</span> <span class='ocrx_word' id='word_1_72' title='bbox 679 1095 739 1173; x_wconf 84' lang='lat' dir='ltr'>logi</span> <span class='ocrx_word' id='word_1_73' title='bbox 761 1097 928 1171; x_wconf 82' lang='lat' dir='ltr'>potuerint,</span> <span class='ocrx_word' id='word_1_74' title='bbox 954 1097 1044 1172; x_wconf 88' lang='lat' dir='ltr'>plane</span> <span class='ocrx_word' id='word_1_75' title='bbox 1067 1111 1190 1170; x_wconf 79' lang='lat' dir='ltr'>compe·</span> <span class='ocrx_word' id='word_1_76' title='bbox 1308 1133 1309 1140; x_wconf 22' lang='grc' dir='ltr'><strong>κ</strong></span> 
     </span>
     <span class='ocr_line' id='line_1_11' title="bbox 190 1169 1309 1261; baseline -0.003 -19"><span class='ocrx_word' id='word_1_77' title='bbox 190 1187 269 1243; x_wconf 88' lang='lat' dir='ltr'>runt.</span> <span class='ocrx_word' id='word_1_78' title='bbox 316 1187 406 1259; x_wconf 88' lang='lat' dir='ltr'>atque</span> <span class='ocrx_word' id='word_1_79' title='bbox 428 1185 589 1244; x_wconf 87' lang='lat' dir='ltr'>verisimile</span> <span class='ocrx_word' id='word_1_80' title='bbox 610 1187 655 1244; x_wconf 90' lang='lat' dir='ltr'>est</span> <span class='ocrx_word' id='word_1_81' title='bbox 677 1185 836 1244; x_wconf 89' lang='lat' dir='ltr'>Pithoeum</span> <span class='ocrx_word' id='word_1_82' title='bbox 854 1185 953 1261; x_wconf 89' lang='lat' dir='ltr'>ipsum</span> <span class='ocrx_word' id='word_1_83' title='bbox 977 1187 1030 1261; x_wconf 91' lang='lat' dir='ltr'>qui</span> <span class='ocrx_word' id='word_1_84' title='bbox 1047 1189 1138 1249; x_wconf 71' lang='lat' dir='ltr'>tamer</span> <span class='ocrx_word' id='word_1_85' title='bbox 1160 1181 1190 1239; x_wconf 93' lang='lat' dir='ltr'>in</span> <span class='ocrx_word' id='word_1_86' title='bbox 1308 1169 1309 1184; x_wconf 47' lang='lat'>¹</span> 
     </span>
     <span class='ocr_line' id='line_1_12' title="bbox 190 1271 1191 1350; baseline -0.001 -19"><span class='ocrx_word' id='word_1_87' title='bbox 190 1273 361 1332; x_wconf 86' lang='lat' dir='ltr'>universum</span> <span class='ocrx_word' id='word_1_88' title='bbox 379 1274 477 1350; x_wconf 87' lang='lat' dir='ltr'>legere</span> <span class='ocrx_word' id='word_1_89' title='bbox 500 1274 600 1348; x_wconf 90' lang='lat' dir='ltr'>potuit</span> <span class='ocrx_word' id='word_1_90' title='bbox 618 1292 694 1348; x_wconf 90' lang='lat' dir='ltr'>quae</span> <span class='ocrx_word' id='word_1_91' title='bbox 712 1292 790 1332; x_wconf 89' lang='lat' dir='ltr'>nunc</span> <span class='ocrx_word' id='word_1_92' title='bbox 809 1277 1001 1348; x_wconf 84' lang='lat' dir='ltr'>evanuerunt,</span> <span class='ocrx_word' id='word_1_93' title='bbox 1023 1271 1191 1333; x_wconf 77' lang='lat' dir='ltr'>memblanis</span> 
     </span>
     <span class='ocr_line' id='line_1_13' title="bbox 190 1362 1190 1438; baseline -0.004 -18"><span class='ocrx_word' id='word_1_94' title='bbox 190 1381 304 1420; x_wconf 84' lang='lat' dir='ltr'>venena</span> <span class='ocrx_word' id='word_1_95' title='bbox 334 1362 546 1438; x_wconf 82' lang='lat' dir='ltr'>superfudisse,</span> <span class='ocrx_word' id='word_1_96' title='bbox 574 1366 666 1432; x_wconf 84' lang='lat' dir='ltr'>certe,</span> <span class='ocrx_word' id='word_1_97' title='bbox 695 1363 719 1421; x_wconf 89' lang='lat' dir='ltr'>si</span> <span class='ocrx_word' id='word_1_98' title='bbox 749 1381 808 1421; x_wconf 91' lang='lat' dir='ltr'>non</span> <span class='ocrx_word' id='word_1_99' title='bbox 837 1362 900 1438; x_wconf 85' lang='lat' dir='ltr'>ipso</span> <span class='ocrx_word' id='word_1_100' title='bbox 928 1364 1012 1438; x_wconf 84' lang='lat' dir='ltr'>fecit,</span> <span class='ocrx_word' id='word_1_101' title='bbox 1038 1366 1190 1438; x_wconf 83' lang='lat' dir='ltr'>posteum</span> 
     </span>
     <span class='ocr_line' id='line_1_14' title="bbox 191 1447 1190 1529; baseline 0 -19"><span class='ocrx_word' id='word_1_102' title='bbox 191 1452 291 1510; x_wconf 87' lang='lat' dir='ltr'>conati</span> <span class='ocrx_word' id='word_1_103' title='bbox 323 1455 404 1524; x_wconf 90' lang='lat' dir='ltr'>sunt,</span> <span class='ocrx_word' id='word_1_104' title='bbox 432 1451 487 1509; x_wconf 93' lang='lat' dir='ltr'>hoc</span> <span class='ocrx_word' id='word_1_105' title='bbox 516 1451 604 1510; x_wconf 89' lang='lat' dir='ltr'>modo</span> <span class='ocrx_word' id='word_1_106' title='bbox 635 1451 789 1528; x_wconf 88' lang='lat' dir='ltr'>deperdita</span> <span class='ocrx_word' id='word_1_107' title='bbox 817 1451 1005 1529; x_wconf 76' lang='lat' dir='ltr'>investigare.</span> <span class='ocrx_word' id='word_1_108' title='bbox 1051 1447 1190 1519; x_wconf 64' lang='lat' dir='ltr'>bisfenim</span> 
     </span>
     <span class='ocr_line' id='line_1_15' title="bbox 190 1535 1309 1615; baseline 0.003 -17"><span class='ocrx_word' id='word_1_109' title='bbox 190 1539 308 1599; x_wconf 88' lang='lat' dir='ltr'>Pithoei</span> <span class='ocrx_word' id='word_1_110' title='bbox 326 1540 421 1615; x_wconf 87' lang='lat' dir='ltr'>ipsius</span> <span class='ocrx_word' id='word_1_111' title='bbox 440 1559 546 1599; x_wconf 92' lang='lat' dir='ltr'>nomen</span> <span class='ocrx_word' id='word_1_112' title='bbox 564 1541 786 1600; x_wconf 77' lang='lat' dir='ltr'>medicamentis</span> <span class='ocrx_word' id='word_1_113' title='bbox 805 1541 866 1599; x_wconf 86' lang='lat' dir='ltr'>fere</span> <span class='ocrx_word' id='word_1_114' title='bbox 886 1540 1025 1600; x_wconf 89' lang='lat' dir='ltr'>obrutum</span> <span class='ocrx_word' id='word_1_115' title='bbox 1043 1540 1099 1603; x_wconf 64' lang='lat' dir='ltr'>eat*¹</span> <span class='ocrx_word' id='word_1_116' title='bbox 1117 1537 1190 1596; x_wconf 70' lang='lat' dir='ltr'>alte·</span> <span class='ocrx_word' id='word_1_117' title='bbox 1308 1535 1309 1550; x_wconf 54' lang='lat'>¹</span> 
     </span>
     <span class='ocr_line' id='line_1_16' title="bbox 190 1616 1189 1705; baseline -0.003 -18"><span class='ocrx_word' id='word_1_118' title='bbox 190 1648 258 1687; x_wconf 90' lang='lat' dir='ltr'>rum</span> <span class='ocrx_word' id='word_1_119' title='bbox 281 1647 398 1703; x_wconf 92' lang='lat' dir='ltr'>quoque</span> <span class='ocrx_word' id='word_1_120' title='bbox 430 1631 533 1705; x_wconf 87' lang='lat' dir='ltr'>postea</span> <span class='ocrx_word' id='word_1_121' title='bbox 556 1630 703 1704; x_wconf 88' lang='lat' dir='ltr'>liquorem</span> <span class='ocrx_word' id='word_1_122' title='bbox 731 1648 793 1690; x_wconf 86' lang='lat' dir='ltr'>esse</span> <span class='ocrx_word' id='word_1_123' title='bbox 821 1630 988 1688; x_wconf 89' lang='lat' dir='ltr'>adhibitum</span> <span class='ocrx_word' id='word_1_124' title='bbox 1011 1616 1189 1692; x_wconf 84' lang='lat' dir='ltr'>Schelkelius</span> 
     </span>
     <span class='ocr_line' id='line_1_17' title="bbox 191 1715 1189 1795; baseline -0.005 -19"><span class='ocrx_word' id='word_1_125' title='bbox 191 1717 329 1776; x_wconf 77' lang='lat' dir='ltr'>adfirmat.</span> <span class='ocrx_word' id='word_1_126' title='bbox 376 1736 434 1792; x_wconf 91' lang='lat' dir='ltr'>quo</span> <span class='ocrx_word' id='word_1_127' title='bbox 458 1719 571 1776; x_wconf 84' lang='lat' dir='ltr'>factum</span> <span class='ocrx_word' id='word_1_128' title='bbox 594 1722 647 1794; x_wconf 87' lang='lat' dir='ltr'>est,</span> <span class='ocrx_word' id='word_1_129' title='bbox 670 1721 706 1777; x_wconf 88' lang='lat' dir='ltr'>ut</span> <span class='ocrx_word' id='word_1_130' title='bbox 728 1719 897 1795; x_wconf 82' lang='lat' dir='ltr'>fragmenta</span> <span class='ocrx_word' id='word_1_131' title='bbox 914 1721 1033 1778; x_wconf 88' lang='lat' dir='ltr'>tantum</span> <span class='ocrx_word' id='word_1_132' title='bbox 1056 1715 1189 1785; x_wconf 81' lang='lat' dir='ltr'>dolama-</span> 
     </span>
     <span class='ocr_line' id='line_1_18' title="bbox 189 1794 1190 1872; baseline -0.003 -8"><span class='ocrx_word' id='word_1_133' title='bbox 189 1806 306 1864; x_wconf 91' lang='lat' dir='ltr'>tionum</span> <span class='ocrx_word' id='word_1_134' title='bbox 332 1807 416 1864; x_wconf 83' lang='lat'>1-6</span> <span class='ocrx_word' id='word_1_135' title='bbox 440 1806 525 1866; x_wconf 91' lang='lat' dir='ltr'>nobis</span> <span class='ocrx_word' id='word_1_136' title='bbox 552 1807 724 1865; x_wconf 81' lang='lat' dir='ltr'>manserint.</span> <span class='ocrx_word' id='word_1_137' title='bbox 770 1809 925 1867; x_wconf 90' lang='lat' dir='ltr'>librarium</span> <span class='ocrx_word' id='word_1_138' title='bbox 953 1808 1025 1868; x_wconf 87' lang='lat' dir='ltr'>satis</span> <span class='ocrx_word' id='word_1_139' title='bbox 1050 1794 1190 1872; x_wconf 75' lang='lat' dir='ltr'>ildoctum</span> 
     </span>
     <span class='ocr_line' id='line_1_19' title="bbox 189 1885 1189 2038; baseline 0.004 -86"><span class='ocrx_word' id='word_1_140' title='bbox 189 1895 281 1954; x_wconf 83' lang='lat' dir='ltr'>luisse</span> <span class='ocrx_word' id='word_1_141' title='bbox 316 1913 351 1952; x_wconf 83' lang='lat' dir='ltr'>er</span> <span class='ocrx_word' id='word_1_142' title='bbox 382 1895 511 1970; x_wconf 90' lang='lat' dir='ltr'>peccatis</span> <span class='ocrx_word' id='word_1_143' title='bbox 548 1896 584 1953; x_wconf 88' lang='lat' dir='ltr'>ab</span> <span class='ocrx_word' id='word_1_144' title='bbox 615 1914 649 1953; x_wconf 94' lang='lat' dir='ltr'>eo</span> <span class='ocrx_word' id='word_1_145' title='bbox 685 1897 847 1955; x_wconf 88' lang='lat' dir='ltr'>commissis</span> <span class='ocrx_word' id='word_1_146' title='bbox 881 1897 969 1956; x_wconf 89' lang='lat' dir='ltr'>facile</span> <span class='ocrx_word' id='word_1_147' title='bbox 1003 1885 1189 2038; x_wconf 50' lang='lat' dir='ltr'>intplcgaffl),</span> 
     </span>
     <span class='ocr_line' id='line_1_20' title="bbox 190 1981 1188 2060; baseline -0.001 -18"><span class='ocrx_word' id='word_1_148' title='bbox 190 1982 242 2042; x_wconf 90' lang='lat' dir='ltr'>sed</span> <span class='ocrx_word' id='word_1_149' title='bbox 272 2003 348 2058; x_wconf 88' lang='lat' dir='ltr'>quac</span> <span class='ocrx_word' id='word_1_150' title='bbox 378 1984 410 2041; x_wconf 91' lang='lat' dir='ltr'>in</span> <span class='ocrx_word' id='word_1_151' title='bbox 446 1984 607 2060; x_wconf 84' lang='lat' dir='ltr'>exemplari</span> <span class='ocrx_word' id='word_1_152' title='bbox 637 2003 689 2043; x_wconf 89' lang='lat' dir='ltr'>suo</span> <span class='ocrx_word' id='word_1_153' title='bbox 719 1985 847 2060; x_wconf 88' lang='lat' dir='ltr'>invenit,</span> <span class='ocrx_word' id='word_1_154' title='bbox 879 1986 965 2044; x_wconf 81' lang='lat' dir='ltr'>anxie</span> <span class='ocrx_word' id='word_1_155' title='bbox 997 2005 1031 2044; x_wconf 93' lang='lat' dir='ltr'>ac</span> <span class='ocrx_word' id='word_1_156' title='bbox 1068 1981 1188 2060; x_wconf 81' lang='lat' dir='ltr'>eligioae</span> 
     </span>
     <span class='ocr_line' id='line_1_21' title="bbox 190 2068 1187 2150; baseline -0.003 -20"><span class='ocrx_word' id='word_1_157' title='bbox 190 2075 336 2150; x_wconf 88' lang='lat' dir='ltr'>quantum</span> <span class='ocrx_word' id='word_1_158' title='bbox 363 2074 476 2148; x_wconf 90' lang='lat' dir='ltr'>potuit,</span> <span class='ocrx_word' id='word_1_159' title='bbox 510 2073 630 2131; x_wconf 86' lang='lat' dir='ltr'>reddere</span> <span class='ocrx_word' id='word_1_160' title='bbox 659 2073 781 2131; x_wconf 76' lang='lat' dir='ltr'>studuit.</span> <span class='ocrx_word' id='word_1_161' title='bbox 835 2075 932 2133; x_wconf 90' lang='lat' dir='ltr'>colore</span> <span class='ocrx_word' id='word_1_162' title='bbox 959 2093 1018 2133; x_wconf 94' lang='lat' dir='ltr'>non</span> <span class='ocrx_word' id='word_1_163' title='bbox 1040 2068 1102 2135; x_wconf 76' lang='lat' dir='ltr'>lsus</span> <span class='ocrx_word' id='word_1_164' title='bbox 1135 2072 1187 2128; x_wconf 86' lang='lat' dir='ltr'>est.</span> 
     </span>
     <span class='ocr_line' id='line_1_22' title="bbox 190 2158 1189 2237; baseline -0.004 -17"><span class='ocrx_word' id='word_1_165' title='bbox 190 2164 263 2237; x_wconf 92' lang='lat' dir='ltr'>quot</span> <span class='ocrx_word' id='word_1_166' title='bbox 286 2164 464 2221; x_wconf 84' lang='lat' dir='ltr'>correctores</span> <span class='ocrx_word' id='word_1_167' title='bbox 488 2162 581 2221; x_wconf 92' lang='lat' dir='ltr'>codici</span> <span class='ocrx_word' id='word_1_168' title='bbox 600 2181 719 2236; x_wconf 90' lang='lat' dir='ltr'>operam</span> <span class='ocrx_word' id='word_1_169' title='bbox 743 2162 886 2235; x_wconf 85' lang='lat' dir='ltr'>dederint,</span> <span class='ocrx_word' id='word_1_170' title='bbox 910 2163 1005 2223; x_wconf 87' lang='lat' dir='ltr'>adhuc</span> <span class='ocrx_word' id='word_1_171' title='bbox 1029 2158 1068 2230; x_wconf 76' lang='lat' dir='ltr'>ab</span> <span class='ocrx_word' id='word_1_172' title='bbox 1092 2159 1189 2218; x_wconf 92' lang='lat' dir='ltr'>iudice</span> 
     </span>
     <span class='ocr_line' id='line_1_23' title="bbox 189 2247 1187 2326; baseline -0.003 -18"><span class='ocrx_word' id='word_1_173' title='bbox 189 2250 227 2310; x_wconf 86' lang='lat' dir='ltr'>lis</span> <span class='ocrx_word' id='word_1_174' title='bbox 251 2252 304 2310; x_wconf 85' lang='lat' dir='ltr'>ast.</span> <span class='ocrx_word' id='word_1_175' title='bbox 351 2270 410 2326; x_wconf 88' lang='lat' dir='ltr'>qua</span> <span class='ocrx_word' id='word_1_176' title='bbox 433 2250 468 2309; x_wconf 88' lang='lat' dir='ltr'>dc</span> <span class='ocrx_word' id='word_1_177' title='bbox 493 2252 665 2326; x_wconf 84' lang='lat' dir='ltr'>quaestione</span> <span class='ocrx_word' id='word_1_178' title='bbox 687 2251 865 2311; x_wconf 88' lang='lat' dir='ltr'>difficillima</span> <span class='ocrx_word' id='word_1_179' title='bbox 888 2253 943 2312; x_wconf 87' lang='lat' dir='ltr'>hoc</span> <span class='ocrx_word' id='word_1_180' title='bbox 962 2247 1187 2324; x_wconf 79' lang='lat' dir='ltr'>locedisputare</span> 
     </span>
     <span class='ocr_line' id='line_1_24' title="bbox 189 2333 1187 2416; baseline -0.003 -19"><span class='ocrx_word' id='word_1_181' title='bbox 189 2342 222 2398; x_wconf 91' lang='lat' dir='ltr'>in</span> <span class='ocrx_word' id='word_1_182' title='bbox 241 2333 374 2398; x_wconf 82' lang='lat' dir='ltr'>exilitate</span> <span class='ocrx_word' id='word_1_183' title='bbox 392 2340 587 2416; x_wconf 87' lang='lat' dir='ltr'>reliquiarum</span> <span class='ocrx_word' id='word_1_184' title='bbox 607 2338 761 2416; x_wconf 76' lang='lat' dir='ltr'>Calpurnii</span> <span class='ocrx_word' id='word_1_185' title='bbox 779 2361 833 2416; x_wconf 92' lang='lat' dir='ltr'>per</span> <span class='ocrx_word' id='word_1_186' title='bbox 850 2338 887 2401; x_wconf 83' lang='lat' dir='ltr'><strong><em>A</em></strong></span> <span class='ocrx_word' id='word_1_187' title='bbox 905 2341 1069 2400; x_wconf 67' lang='lat' dir='ltr'>cronicam</span> <span class='ocrx_word' id='word_1_188' title='bbox 1088 2355 1187 2413; x_wconf 87' lang='lat' dir='ltr'>super·</span> 
     </span>
     <span class='ocr_line' id='line_1_25' title="bbox 190 2417 1188 2508; baseline 0.003 -22"><span class='ocrx_word' id='word_1_189' title='bbox 190 2428 327 2502; x_wconf 73' lang='lat' dir='ltr'>sedimine,</span> <span class='ocrx_word' id='word_1_190' title='bbox 345 2432 521 2505; x_wconf 84' lang='lat' dir='ltr'>praesertim</span> <span class='ocrx_word' id='word_1_191' title='bbox 540 2448 605 2488; x_wconf 88' lang='lat' dir='ltr'>cnm</span> <span class='ocrx_word' id='word_1_192' title='bbox 625 2433 739 2489; x_wconf 89' lang='lat' dir='ltr'>constet</span> <span class='ocrx_word' id='word_1_193' title='bbox 756 2429 789 2488; x_wconf 92' lang='lat' dir='ltr'>in</span> <span class='ocrx_word' id='word_1_194' title='bbox 807 2429 980 2508; x_wconf 85' lang='lat' dir='ltr'>corrigendo</span> <span class='ocrx_word' id='word_1_195' title='bbox 998 2417 1188 2501; x_wconf 78' lang='lat' dir='ltr'>lontepesau·</span> 
     </span>
     <span class='ocr_line' id='line_1_26' title="bbox 189 2494 1188 2595; baseline -0.003 -20"><span class='ocrx_word' id='word_1_196' title='bbox 189 2517 258 2576; x_wconf 87' lang='lat' dir='ltr'>lano</span> <span class='ocrx_word' id='word_1_197' title='bbox 288 2517 370 2576; x_wconf 88' lang='lat' dir='ltr'>aliud</span> <span class='ocrx_word' id='word_1_198' title='bbox 398 2519 548 2594; x_wconf 86' lang='lat' dir='ltr'>exemplar</span> <span class='ocrx_word' id='word_1_199' title='bbox 574 2538 635 2577; x_wconf 93' lang='lat' dir='ltr'>non</span> <span class='ocrx_word' id='word_1_200' title='bbox 663 2537 725 2577; x_wconf 88' lang='lat' dir='ltr'>csse</span> <span class='ocrx_word' id='word_1_201' title='bbox 753 2518 919 2577; x_wconf 87' lang='lat' dir='ltr'>adhibitum</span> <span class='ocrx_word' id='word_1_202' title='bbox 947 2494 1051 2595; x_wconf 69' lang='lat' dir='ltr'>prelter</span> <span class='ocrx_word' id='word_1_203' title='bbox 1079 2515 1124 2588; x_wconf 89' lang='lat' dir='ltr'>id,</span> <span class='ocrx_word' id='word_1_204' title='bbox 1152 2534 1188 2572; x_wconf 85' lang='lat' dir='ltr'>ex</span> 
     </span>
     <span class='ocr_line' id='line_1_27' title="bbox 190 2603 1187 2682; baseline 0.003 -18"><span class='ocrx_word' id='word_1_205' title='bbox 190 2625 249 2682; x_wconf 92' lang='lat' dir='ltr'>quo</span> <span class='ocrx_word' id='word_1_206' title='bbox 273 2607 437 2682; x_wconf 82' lang='lat' dir='ltr'>descriptus</span> <span class='ocrx_word' id='word_1_207' title='bbox 457 2609 508 2664; x_wconf 91' lang='lat' dir='ltr'>est.</span> <span class='ocrx_word' id='word_1_208' title='bbox 550 2607 716 2667; x_wconf 88' lang='lat' dir='ltr'>Dessauero</span> <span class='ocrx_word' id='word_1_209' title='bbox 740 2610 888 2667; x_wconf 90' lang='lat' dir='ltr'>corrector</span> <span class='ocrx_word' id='word_1_210' title='bbox 905 2608 984 2667; x_wconf 88' lang='lat' dir='ltr'>idem</span> <span class='ocrx_word' id='word_1_211' title='bbox 1007 2605 1078 2677; x_wconf 72' lang='lat' dir='ltr'>tque</span> <span class='ocrx_word' id='word_1_212' title='bbox 1096 2603 1187 2662; x_wconf 78' lang='lat' dir='ltr'>libra·</span> 
     </span>
     <span class='ocr_line' id='line_1_28' title="bbox 189 2695 599 2772; baseline 0 -20"><span class='ocrx_word' id='word_1_213' title='bbox 189 2695 250 2754; x_wconf 86' lang='lat' dir='ltr'>rius</span> <span class='ocrx_word' id='word_1_214' title='bbox 272 2695 336 2772; x_wconf 90' lang='lat' dir='ltr'>ipse</span> <span class='ocrx_word' id='word_1_215' title='bbox 360 2695 452 2754; x_wconf 86' lang='lat' dir='ltr'>fuisse</span> <span class='ocrx_word' id='word_1_216' title='bbox 474 2695 599 2755; x_wconf 78' lang='lat' dir='ltr'>videtur.</span> 
     </span>
    </p>

    <p class='ocr_par' dir='ltr' id='par_1_3' title="bbox 139 2781 1186 2954">
     <span class='ocr_line' id='line_1_29' title="bbox 139 2781 1186 2846; baseline -0.006 0"><span class='ocrx_word' id='word_1_217' title='bbox 139 2781 177 2846; x_wconf 92' lang='lat' dir='ltr'><em>B</em></span> <span class='ocrx_word' id='word_1_218' title='bbox 258 2783 455 2843; x_wconf 85' lang='lat' dir='ltr'>Transeamus</span> <span class='ocrx_word' id='word_1_219' title='bbox 483 2784 522 2843; x_wconf 90' lang='lat' dir='ltr'>ad</span> <span class='ocrx_word' id='word_1_220' title='bbox 549 2785 679 2844; x_wconf 91' lang='lat' dir='ltr'>codicem</span> <span class='ocrx_word' id='word_1_221' title='bbox 706 2785 951 2844; x_wconf 91' lang='lat' dir='ltr'>Monacensem</span> <span class='ocrx_word' id='word_1_222' title='bbox 994 2781 1093 2839; x_wconf 87' lang='lat' dir='ltr'>tinum</span> <span class='ocrx_word' id='word_1_223' title='bbox 1121 2783 1186 2841; x_wconf 81' lang='lat'>309</span> 
     </span>
     <span class='ocr_line' id='line_1_30' title="bbox 168 2863 1186 2954; baseline -0.007 -20"><span class='ocrx_word' id='word_1_224' title='bbox 168 2889 170 2896; x_wconf 90' lang='grc'><strong><em>·</em></strong></span> <span class='ocrx_word' id='word_1_225' title='bbox 191 2863 268 2954; x_wconf 85' lang='grc' dir='ltr'>(Β),</span> <span class='ocrx_word' id='word_1_226' title='bbox 292 2874 479 2932; x_wconf 85' lang='lat' dir='ltr'>chartaceum</span> <span class='ocrx_word' id='word_1_227' title='bbox 502 2873 533 2932; x_wconf 91' lang='lat' dir='ltr'>in</span> <span class='ocrx_word' id='word_1_228' title='bbox 556 2874 642 2948; x_wconf 82' lang='lat' dir='ltr'>folio,</span> <span class='ocrx_word' id='word_1_229' title='bbox 668 2877 821 2932; x_wconf 87' lang='lat' dir='ltr'>exaratum</span> <span class='ocrx_word' id='word_1_230' title='bbox 849 2875 946 2934; x_wconf 88' lang='lat' dir='ltr'>saecul</span> <span class='ocrx_word' id='word_1_231' title='bbox 1052 2873 1186 2928; x_wconf 82' lang='lat' dir='ltr'>exeunte.</span> 
     </span>
    </p>
   </div>
   <div class='ocr_carea' id='block_1_3' title="bbox 189 2961 1187 3132">
    <p class='ocr_par' dir='ltr' id='par_1_4' title="bbox 189 2961 1187 3132">
     <span class='ocr_line' id='line_1_31' title="bbox 189 2961 1187 3022; baseline -0.003 -2"><span class='ocrx_word' id='word_1_232' title='bbox 189 2964 269 3021; x_wconf 86' lang='lat' dir='ltr'>recte</span> <span class='ocrx_word' id='word_1_233' title='bbox 302 2964 381 3020; x_wconf 91' lang='lat' dir='ltr'>enim</span> <span class='ocrx_word' id='word_1_234' title='bbox 398 2962 512 3022; x_wconf 78' lang='lat' dir='ltr'>ltitter</span> <span class='ocrx_word' id='word_1_235' title='bbox 547 2965 579 3020; x_wconf 93' lang='lat' dir='ltr'>in</span> <span class='ocrx_word' id='word_1_236' title='bbox 612 2963 740 3021; x_wconf 86' lang='lat' dir='ltr'>editione</span> <span class='ocrx_word' id='word_1_237' title='bbox 773 2962 948 3022; x_wconf 87' lang='lat' dir='ltr'>declamatio</span> <span class='ocrx_word' id='word_1_238' title='bbox 1037 2961 1187 3018; x_wconf 89' lang='lat' dir='ltr'>minorum</span> 
     </span>
     <span class='ocr_line' id='line_1_32' title="bbox 190 3043 1187 3132; baseline -0.004 -22"><span class='ocrx_word' id='word_1_239' title='bbox 190 3049 370 3122; x_wconf 73' lang='lat' dir='ltr'>Quintiliani</span> <span class='ocrx_word' id='word_1_240' title='bbox 399 3043 516 3132; x_wconf 82' lang='lat'>(1884)</span> <span class='ocrx_word' id='word_1_241' title='bbox 564 3072 592 3128; x_wconf 88' lang='lat' dir='ltr'>p.</span> <span class='ocrx_word' id='word_1_242' title='bbox 616 3051 680 3126; x_wconf 87' lang='lat' dir='ltr'>XV,</span> <span class='ocrx_word' id='word_1_243' title='bbox 716 3051 876 3111; x_wconf 87' lang='lat' dir='ltr'>editionem</span> <span class='ocrx_word' id='word_1_244' title='bbox 910 3051 934 3120; x_wconf 80' lang='lat' dir='ltr'><strong>Q</strong></span> <span class='ocrx_word' id='word_1_245' title='bbox 974 3047 1075 3106; x_wconf 79' lang='lat' dir='ltr'>titiani</span> <span class='ocrx_word' id='word_1_246' title='bbox 1089 3047 1187 3106; x_wconf 88' lang='lat' dir='ltr'>decla·</span> 
     </span>
    </p>
   </div>
   <div class='ocr_carea' id='block_1_4' title="bbox 181 3215 1188 3648">
    <p class='ocr_par' dir='ltr' id='par_1_5' title="bbox 181 3215 1188 3648">
     <span class='ocr_line' id='line_1_33' title="bbox 262 3215 1188 3290; baseline -0.004 -16"><span class='ocrx_word' id='word_1_247' title='bbox 262 3223 287 3290; x_wconf 88' lang='lat'>1)</span> <span class='ocrx_word' id='word_1_248' title='bbox 307 3219 357 3288; x_wconf 79' lang='lat' dir='ltr'>cf,</span> <span class='ocrx_word' id='word_1_249' title='bbox 375 3237 411 3276; x_wconf 92' lang='lat' dir='ltr'>ne</span> <span class='ocrx_word' id='word_1_250' title='bbox 430 3223 494 3275; x_wconf 89' lang='lat' dir='ltr'>acta</span> <span class='ocrx_word' id='word_1_251' title='bbox 518 3235 613 3290; x_wconf 84' lang='lat' dir='ltr'>agam,</span> <span class='ocrx_word' id='word_1_252' title='bbox 638 3219 835 3274; x_wconf 81' lang='lat' dir='ltr'>Schenkelium</span> <span class='ocrx_word' id='word_1_253' title='bbox 857 3221 887 3274; x_wconf 93' lang='lat' dir='ltr'>in</span> <span class='ocrx_word' id='word_1_254' title='bbox 905 3221 932 3274; x_wconf 92' lang='lat' dir='ltr'>H</span> <span class='ocrx_word' id='word_1_255' title='bbox 955 3215 1103 3271; x_wconf 85' lang='lat' dir='ltr'>.Muelleri</span> <span class='ocrx_word' id='word_1_256' title='bbox 1126 3215 1188 3271; x_wconf 86' lang='lat' dir='ltr'>adi-</span> 
     </span>
     <span class='ocr_line' id='line_1_34' title="bbox 189 3287 1187 3362; baseline -0.004 -18"><span class='ocrx_word' id='word_1_257' title='bbox 189 3291 267 3346; x_wconf 86' lang='lat' dir='ltr'>tione</span> <span class='ocrx_word' id='word_1_258' title='bbox 285 3291 314 3344; x_wconf 91' lang='lat' dir='ltr'>L.</span> <span class='ocrx_word' id='word_1_259' title='bbox 329 3293 439 3347; x_wconf 88' lang='lat' dir='ltr'>Annaei</span> <span class='ocrx_word' id='word_1_260' title='bbox 463 3291 584 3348; x_wconf 84' lang='lat' dir='ltr'>Senecae</span> <span class='ocrx_word' id='word_1_261' title='bbox 606 3292 696 3361; x_wconf 88' lang='lat' dir='ltr'>patria</span> <span class='ocrx_word' id='word_1_262' title='bbox 720 3293 915 3362; x_wconf 81' lang='lat' dir='ltr'>scriptorum(</span> <span class='ocrx_word' id='word_1_263' title='bbox 959 3287 1085 3342; x_wconf 90' lang='lat' dir='ltr'>dobonae</span> <span class='ocrx_word' id='word_1_264' title='bbox 1105 3291 1187 3356; x_wconf 79' lang='lat'>188⁷)</span> 
     </span>
     <span class='ocr_line' id='line_1_35' title="bbox 189 3361 1186 3505; baseline -0.005 -17"><span class='ocrx_word' id='word_1_265' title='bbox 189 3381 216 3430; x_wconf 86' lang='lat' dir='ltr'>P·</span> <span class='ocrx_word' id='word_1_266' title='bbox 232 3361 426 3504; x_wconf 47' lang='lat' dir='ltr'>xlllllliqpiag.</span> <span class='ocrx_word' id='word_1_267' title='bbox 447 3440 470 3488; x_wconf 88' lang='lat'>1.</span> <span class='ocrx_word' id='word_1_268' title='bbox 492 3439 525 3488; x_wconf 90' lang='lat'>10</span> <span class='ocrx_word' id='word_1_269' title='bbox 549 3435 800 3504; x_wconf 79' lang='lat' dir='ltr'>altericpcm&#39;totem</span> <span class='ocrx_word' id='word_1_270' title='bbox 823 3451 874 3505; x_wconf 87' lang='lat' dir='ltr'>pro</span> <span class='ocrx_word' id='word_1_271' title='bbox 898 3453 915 3489; x_wconf 87' lang='lat' dir='ltr'>a</span> <span class='ocrx_word' id='word_1_272' title='bbox 958 3430 1186 3499; x_wconf 64' lang='lat' dir='ltr'>&#39;impunitatem</span> 
     </span>
     <span class='ocr_line' id='line_1_36' title="bbox 189 3501 1186 3576; baseline -0.002 -19"><span class='ocrx_word' id='word_1_273' title='bbox 189 3509 213 3570; x_wconf 76' lang='lat'>2,</span> <span class='ocrx_word' id='word_1_274' title='bbox 228 3509 245 3557; x_wconf 80' lang='lat'>4</span> <span class='ocrx_word' id='word_1_275' title='bbox 263 3521 315 3558; x_wconf 82' lang='lat' dir='ltr'>cor</span> <span class='ocrx_word' id='word_1_276' title='bbox 333 3507 466 3561; x_wconf 75' lang='lat' dir='ltr'>rationem</span> <span class='ocrx_word' id='word_1_277' title='bbox 484 3523 535 3576; x_wconf 87' lang='lat' dir='ltr'>pro</span> <span class='ocrx_word' id='word_1_278' title='bbox 554 3523 611 3561; x_wconf 80' lang='lat' dir='ltr'>coc</span> <span class='ocrx_word' id='word_1_279' title='bbox 629 3508 775 3574; x_wconf 79' lang='lat' dir='ltr'>rationem,</span> <span class='ocrx_word' id='word_1_280' title='bbox 799 3511 824 3575; x_wconf 74' lang='grc'>3,</span> <span class='ocrx_word' id='word_1_281' title='bbox 844 3511 877 3560; x_wconf 74' lang='grc'>215</span> <span class='ocrx_word' id='word_1_282' title='bbox 892 3523 914 3576; x_wconf 86' lang='lat' dir='ltr'>p</span> <span class='ocrx_word' id='word_1_283' title='bbox 933 3501 1006 3555; x_wconf 76' lang='lat' dir='ltr'>cidio</span> <span class='ocrx_word' id='word_1_284' title='bbox 1023 3518 1075 3570; x_wconf 87' lang='lat' dir='ltr'>pro</span> <span class='ocrx_word' id='word_1_285' title='bbox 1090 3502 1186 3572; x_wconf 80' lang='lat' dir='ltr'>parri-</span> 
     </span>
     <span class='ocr_line' id='line_1_37' title="bbox 181 3576 697 3648; baseline 0.004 -19"><span class='ocrx_word' id='word_1_286' title='bbox 181 3576 270 3648; x_wconf 76' lang='lat' dir='ltr'>cidio,</span> <span class='ocrx_word' id='word_1_287' title='bbox 288 3582 361 3643; x_wconf 82' lang='lat' dir='ltr'>4,1a</span> <span class='ocrx_word' id='word_1_288' title='bbox 380 3580 494 3647; x_wconf 77' lang='lat' dir='ltr'>patrico</span> <span class='ocrx_word' id='word_1_289' title='bbox 512 3594 563 3647; x_wconf 89' lang='lat' dir='ltr'>pro</span> <span class='ocrx_word' id='word_1_290' title='bbox 578 3579 697 3648; x_wconf 79' lang='lat' dir='ltr'>publice.</span> 
     </span>
    </p>
   </div>
   <div class='ocr_carea' id='block_1_5' title="bbox 0 0 1336 3920">
    <p class='ocr_par' dir='ltr' id='par_1_6' title="bbox 0 0 1336 3920">
     <span class='ocr_line' id='line_1_38' title="bbox 0 0 1336 3920; baseline 0 1"><span class='ocrx_word' id='word_1_291' title='bbox 0 0 1336 3920; x_wconf 95' lang='lat' dir='ltr'> </span> 
     </span>
    </p>
   </div>
  </div>
 </body>
</html>
