2664 3920
375 179 679 240 cccmuiricuus
698 135 905 235 xum-uun.
1104 182 1144 245 19

136 352 249 409 tetcres
281 352 333 425 qui
370 350 549 408 detrimenta
584 351 731 424 pueritiae
768 368 838 409 suec
870 351 973 408 mutuo
1006 349 1146 409 dedecore

137 441 336 514 compensent.

588 555 690 623 XXI.

450 699 599 765 Plcturc
621 699 692 765 viri
715 697 837 768 fertis.

136 829 280 889 Vmorem
315 849 452 890 rcnrrvu
487 847 588 889 mem
623 847 805 889 Pmccurvn.
855 847 919 889 vm
955 845 1072 887 roccus
1104 847 1172 888 nur

180 935 315 977 runcino
343 937 436 978 Arme
464 936 675 978 ceurennum.
721 920 828 977 fratres
860 919 978 978 fortiter
1005 918 1146 977 iecerunt.

180 1010 266 1083 peter
289 1027 308 1066 e
335 1010 449 1068 minore
477 1011 567 1085 petit,
596 1010 632 1066 ut
660 1010 768 1066 maiori
796 1007 920 1067 cederet.
966 1027 1025 1066 non
1053 1009 1146 1082 impe·

179 1099 280 1155 travit.
321 1097 434 1172 proelio
453 1097 594 1157 interficit
612 1099 755 1155 maiorem
768 1098 873 1155 minor.
913 1098 991 1171 petit
1004 1098 1146 1171 praemio,
1183 1089 1186 1097 '

180 1206 216 1245 ne
239 1185 320 1244 fecte
342 1189 513 1264 pingantur.
559 1188 645 1261 peter
668 1185 852 1244 contradicit.

206 1345 237 1402 Si
261 1345 334 1420 quid
362 1346 498 1421 precibus
526 1348 629 1411 contre
658 1345 754 1403 filium
783 1363 881 1402 meum
909 1362 1038 1418 possem,
1067 1344 1147 1402 domi
1160 1365 1186 1404 ιο

135 1453 254 1492 monere
278 1452 367 1508 quem
389 1434 507 1510 publice
525 1435 704 1493 maluissem.
750 1433 826 1490 nihil
849 1432 942 1491 audeo
964 1431 1026 1491 filio
1051 1432 1147 1492 dicere

136 1540 226 1597 quem
249 1523 327 1596 quod
350 1523 470 1599 abipso
493 1543 588 1598 nuper
606 1522 720 1580 audivi:
743 1522 822 1600 leges
845 1523 892 1580 uti
915 1523 1042 1580 vaierent.
1088 1521 1147 1580 fuit

135 1612 186 1670 iiie
215 1614 330 1670 emetcr
360 1615 390 1670 et
418 1613 513 1671 cultor
540 1629 662 1670 sucrum
692 1612 722 1669 et
752 1613 805 1685 qui
827 1612 904 1669 mori
929 1610 1034 1669 mullet
1057 1629 1146 1685 quem

136 1702 296 1774 quicquum
318 1701 392 1758 mali
414 1700 518 1759 fecere.
566 1700 634 1759 cede
657 1701 753 1774 fretri,
776 1700 845 1758 cede
868 1701 916 1759 vel
938 1701 1028 1774 petri,
1051 1701 1147 1759 victor

135 1791 208 1862 eris,
231 1789 307 1846 mihi
330 1788 428 1862 crede,
458 1791 485 1848 si
507 1791 634 1848 cesseris.
680 1788 770 1848 didici
793 1789 884 1849 salvis
913 1789 1028 1867 legibus
1051 1791 1186 1863 perri-15

135 1877 245 1937 cidium
274 1896 361 1952 posse
391 1879 545 1936 committi.
590 1880 687 1938 cetere
714 1880 775 1935 ium
802 1898 862 1937 non
890 1881 959 1937 sunt
988 1877 1146 1951 narranda,

134 1966 284 2044 pingenda
312 1969 390 2026 sunt.
436 1985 514 2025 vane
541 1949 571 2026 et
598 1969 701 2042 inepte
728 1966 855 2025 formido
883 1969 928 2025 est
959 1966 1060 2024 videre
1087 1985 1146 2024 non

133 2073 219 2130 posse
238 2055 317 2130 quod
335 2055 439 2115 feceris
458 2058 488 2114 et
511 2056 638 2115 colorem
655 2058 770 2129 timere,
794 2055 873 2130 quod
890 2074 944 2130 per
962 2056 1145 2132 sangrunem.

135 2145 290 2203 simuletur
321 2145 376 2204 hoc
405 2145 518 2204 fectum
552 2164 611 2203 non
640 2147 759 2202 tentum
792 2145 901 2218 colore,
932 2143 982 2202 sed
1012 2161 1093 2216 cere,
1120 2145 1146 2202 si

133 2235 228 2308 possit
247 2236 277 2291 et
290 2234 389 2309 lepide
404 2235 434 2292 et
453 2252 639 2308 quecumque
657 2236 826 2292 nostrorum
845 2250 1001 2308 corporum
1019 2233 1145 2290 materie
1160 2251 1186 2291 rc

134 2323 252 2381 velers
281 2324 398 2381 eemuia
426 2324 478 2382 est.
523 2323 635 2380 infecte
663 2322 909 2398 quemadmodum
931 2323 1056 2396 possunt
1083 2339 1145 2380 esse

135 2430 211 2486 quae
234 2412 315 2470 fecta
338 2414 415 2471 sunt.
460 2413 542 2486 picta
566 2411 686 2485 quidem
708 2412 829 2470 interim
851 2430 911 2469 non
933 2411 1016 2485 sunt,
1040 2410 1145 2470 sedin

135 2500 270 2558 omnibus
292 2499 461 2574 pectoribus
487 2501 582 2558 incisu
605 2502 687 2576 sunt,
717 2500 878 2574 moeniis,
907 2501 940 2558 in
964 2502 1083 2575 animis,
1112 2501 1145 2558 in

134 2591 207 2663 ipsis
238 2589 363 2663 denique
393 2591 453 2648 tuis
483 2589 627 2648 menibus.
673 2590 707 2646 tu
737 2590 862 2647 victorie
892 2589 989 2648 clerus
1020 2608 1063 2664 es,
1092 2589 1144 2647 ille

134 2678 312 2735 innocentie.
1158 2695 1183 2739 25

575 2812 697 2880 XXII.

409 2954 603 3036 Privignus
624 2954 862 3034 tyrannicida.

134 3086 366 3144 rmimmmm
394 3103 559 3146 rreumvu.
609 3103 745 3144 Penumo
776 3103 897 3144 ceuceu
923 3102 1043 3143 mcum.
1091 3087 1144 3158 qui

177 3193 334 3234 novercam
361 3174 502 3249 habebut,
530 3176 638 3234 occidit
665 3177 835 3250 tyrannum.
886 3175 974 3234 cessit
1000 3192 1143 3232 novercae

223 3350 236 3398 7
256 3343 359 3399 minori
373 3352 436 3411 Βο;
456 3356 515 3398 -er
576 3344 726 3413 imperavit
742 3355 763 3397 ο
825 3348 841 3396 8
859 3342 1002 3398 interfecit
1019 3342 1108 3396 meicr
1124 3353 1145 3395 c

134 3422 149 3468 9
170 3416 336 3470 contradicit
354 3433 403 3470 om.
419 3423 473 3468 Βο
489 3417 516 3486 (c
535 3417 566 3469 c'n
584 3417 681 3486 marc.)
763 3421 795 3468 12
814 3414 870 3468 fuit
883 3447 917 3455 —
931 3413 1030 3468 mullet
1047 3431 1096 3468 om.
1116 3422 1144 3466 Β

135 3491 167 3540 18
181 3503 231 3555 per
240 3488 315 3556 quod
325 3495 388 3555 Βο;
403 3493 506 3556 irancp.
518 3498 546 3554 ἢ
561 3487 595 3553 es.
611 3487 712 3556 Weber,
723 3492 823 3556 quaest.
836 3487 910 3556 Oalp.
917 3504 946 3555 p.
958 3489 994 3540 12
1058 3491 1089 3538 19
1106 3486 1142 3538 si-

133 3557 245 3611 miletur
262 3566 290 3610 Β
360 3574 424 3612 cere
443 3576 475 3614 ec
494 3573 557 3612 ecre
575 3566 603 3610 Β
673 3563 707 3612 20
725 3559 820 3627 posset
838 3566 866 3610 Β
939 3573 1103 3626 quecunque
1124 3567 1145 3610 ο

946 3648 982 3698 2*
