2664 3920
427 139 732 196 DEOLAMATIONES
750 139 882 196 vss-Ix

616 301 684 370 IX.

474 427 584 494 Pater
607 426 828 496 excaecatae.

148 559 223 619 Cum
231 561 382 619 luxurioso
391 559 454 619 filio
464 562 551 635 pater
558 560 661 620 abdita
671 561 766 618 matre
773 561 935 619 secessitin
944 560 1096 618 secretum.
1112 578 1161 618 ex-

192 652 328 708 caecata
338 647 436 708 rediit.
459 649 636 726 petdtafilio
646 649 798 709 talionem.
819 651 916 707 mater
925 666 956 707 se
964 649 1068 708 fecisse
1079 649 1159 708 dicit.

213 809 341 883 Invenit,
355 809 476 886 iudices,
490 812 634 886 pessimus
646 810 824 883 adulescens,
839 809 987 884 quemodo
1000 810 1161 884 utramque
1175 833 1189 873 s

147 902 317 959 excaecaret
342 902 504 975 parentem.
551 899 624 976 quid
652 901 683 958 te
713 901 824 958 secreto
853 897 958 958 fecisse
987 896 1161 957 credamus?

147 991 275 1047 matrem
292 990 324 1046 in
342 989 407 1047 foro
427 1007 572 1048 excaecas.
609 1006 670 1046 non
687 991 733 1048 vis
751 1007 805 1065 pro
818 989 915 1047 matre
933 1007 1037 1046 verum
1055 985 1160 1062 dicere,

146 1096 213 1136 cum
236 1077 291 1135 illa
312 1096 366 1152 pro
391 1079 431 1136 te·
447 1075 631 1136 mentiatur?
675 1079 708 1135 in
735 1079 852 1135 tantam
879 1077 994 1135 iuvenis
1016 1079 1162 1152 processit

147 1167 319 1239 amentiam,
336 1168 371 1224 ut
384 1169 506 1243 propter
523 1167 611 1225 illum
624 1167 720 1241 pater,
737 1166 772 1223 ut
785 1165 921 1241 perderet
939 1165 1047 1238 oculos,
1065 1167 1162 1224 mater

146 1255 265 1314 edisset.
307 1257 341 1313 tu
364 1274 420 1330 me,
442 1257 557 1330 muh'er,
582 1273 737 1313 excaecare
754 1255 882 1330 potuisti
901 1271 976 1328 quae
995 1272 1048 1312 nec
1066 1255 1203 1329 parri-10
1225 1245 1227 1250 ’

146 1343 244 1402 eidam
274 1341 380 1418 potes?
412 1346 448 1403 ut
476 1347 617 1402 innocens
648 1346 701 1417 sis,
731 1343 802 1400 dum
831 1345 1038 1401 excaecaretur
1066 1344 1161 1418 pater,

147 1434 331 1508 exspectasti.
373 1451 434 1491 non
451 1433 518 1507 feci,
535 1433 649 1507 inquit:
671 1451 731 1490 non
752 1431 908 1505 crederem,
927 1433 953 1490 si
971 1430 1160 1490 confitereris.

146 1521 217 1580 talis
241 1539 284 1595 es,
308 1521 490 1596 adolescens,
513 1523 548 1579 ut
571 1539 728 1580 excaecare
748 1521 879 1579 volueris
901 1525 1031 1595 patrem,
1054 1522 1108 1579 aut
1130 1523 1161 1579 te

147 1627 303 1668 excaecare
327 1610 401 1669 velit
423 1612 517 1688 pater.
560 1629 650 1685 quam
678 1609 837 1668 sceleratus
861 1610 904 1668 est
931 1610 999 1685 plus
1022 1611 1053 1668 te
1075 1611 1162 1686 pater

147 1699 211 1757 odit
233 1717 324 1775 quam
348 1717 421 1776 eam,
447 1717 466 1757 a
488 1717 549 1775 qua
571 1701 743 1758 excaecatus
764 1701 816 1758 est.
861 1699 982 1757 tantum
1005 1717 1093 1757 ausus
1116 1701 1162 1758 est
1176 1720 1202 1760 15

146 1789 263 1866 integro
281 1790 375 1863 patre.
414 1788 485 1863 quid
502 1789 636 1848 factmus
656 1790 701 1848 est
718 1790 797 1847 inter
815 1788 887 1847 duos
907 1785 1030 1846 caecos?
1071 1805 1162 1864 quam

147 1878 237 1936 miser
267 1879 312 1935 est
340 1879 427 1952 pater
454 1879 502 1936 cui
531 1896 635 1936 verum
662 1877 819 1936 dicendum
848 1879 907 1952 est,
937 1896 1028 1952 quam
1052 1879 1162 1936 misera

146 1967 243 2025 mater
265 1966 314 2023 cui
336 1967 550 2025 mentiendum!
573 1985 634 2026 non
656 1969 735 2025 eruit
757 1967 858 2026 oculos
881 1968 1016 2041 quisquis
1035 1965 1161 2038 laborat,

145 2058 180 2114 ut
202 2056 258 2115 hoe
285 2056 397 2114 fecerit.
443 2057 526 2114 cuius
556 2057 667 2114 crimen
698 2058 743 2114 est
770 2053 947 2114 excaecare?
992 2072 1161 2114 excaecasse

144 2145 273 2220 patreml
296 2145 469 2220 patronum!
493 2162 648 2203 excaecare
670 2145 810 2202 matrem!
834 2146 887 2220 qui
909 2143 974 2202 fieri
995 2145 1104 2220 potuit,
1127 2145 1162 2201 ut
1175 2164 1203 2204 re

145 2234 225 2292 mala
248 2235 340 2292 fuerit
366 2253 441 2293 uxor
467 2253 543 2309 quae
565 2236 630 2292 tam
656 2232 735 2292 bena
762 2234 858 2291 mater
882 2231 947 2292 est?
991 2226 1059 2310 ‘ego
1082 2227 1160 2291 feci'.

145 2341 206 2382 non
229 2324 355 2396 seelen's,
378 2322 430 2382 sed
452 2324 557 2381 matris
579 2324 639 2380 ista
662 2322 806 2381 confessio
830 2323 882 2380 est.

506 2515 607 2576 PARS
630 2515 800 2576 ALTERA.

215 2640 248 2701 Si
274 2643 409 2720 neganti,
436 2641 561 2720 iudices,
584 2661 644 2702 non
673 2643 774 2715 vultis,
805 2641 884 2717 quod
910 2643 1078 2717 proximum
1108 2644 1161 2716 est,

148 2729 256 2788 credite
285 2730 445 2790 confitenti.
492 2730 543 2790 sed
572 2733 598 2790 si
626 2729 746 2790 difficile
773 2733 819 2789 est
845 2730 947 2805 fateri,
976 2731 1067 2790 etiam
1094 2747 1161 2789 cum
1175 2751 1202 2790 ac

147 2818 251 2877 feceris
275 2819 376 2878 damni
397 2819 528 2896 paulum.

237 2951 411 3020 bquomodc
432 2953 574 3009 Pithoeus:
598 2953 711 3022 quando
729 2963 784 3007 Bo
883 2957 899 3005 8
919 2954 1028 3006 tantam
1046 2973 1075 3019 ος
1098 2953 1161 3004 tan-

145 3025 275 3080 cumas
387 3026 420 3078 nt
438 3025 579 3093 perderet:
605 3025 634 3079 vi
651 3043 679 3094 p.
700 3026 849 3079 Burmann
966 3029 1000 3078 10
1017 3022 1161 3092 parricida

145 3103 205 3164 Bc,
223 3113 291 3151 corr.
305 3117 323 3147 e
418 3102 450 3150 12
470 3111 527 3150 nen
545 3097 595 3150 del.
613 3097 660 3150 Gr.
757 3100 790 3148 13
809 3094 969 3149 nolueriss
1059 3097 1093 3147 nt
1111 3094 1162 3147 aut

146 3183 277 3221 exerrare
291 3167 413 3222 volueris
429 3168 477 3222 Gr.
545 3173 578 3221 15
597 3182 660 3221 eam
676 3167 737 3221 Ga:
758 3183 821 3221 eum
834 3176 888 3220 Bc
951 3181 1008 3234 qua
1023 3165 1087 3219 Ga:
1105 3182 1160 3232 qno

145 3247 200 3293 w
265 3245 298 3293 19
313 3254 463 3293 excaecare
478 3255 528 3293 mn.
545 3248 566 3292 ι’
638 3243 672 3291 20
685 3237 875 3306 patrocinium
891 3247 913 3291 ο
924 3241 1035 3292 tcatame
1049 3237 1162 3291 Sdaaab

146 3309 206 3364 eius
229 3311 335 3364 crimen
358 3312 402 3365 est
423 3324 587 3364 excaecasse
604 3311 716 3378 patrem
739 3310 818 3362 cuius
840 3311 989 3378 patronam
1013 3324 1161 3362 excaecare

145 3383 265 3436 matrem
284 3383 334 3438 Gr.
426 3386 458 3434 21
478 3381 552 3435 male
570 3389 630 3445 Bc,
649 3397 748 3435 cerm
840 3381 925 3434 tan
1008 3384 1041 3432 22
1060 3380 1114 3432 iste
1134 3390 1162 3448 c,

146 3468 214 3508 cerr.
229 3473 246 3505 ο
331 3457 366 3505 24
383 3453 511 3521 negate
595 3456 629 3504 2ὅ
649 3450 698 3504 sed
717 3450 754 3504 si:
773 3449 828 3504 feci
852 3451 946 3506 Weber
1036 3455 1070 3504 26
1089 3450 1162 3504 fece-

145 3521 196 3576 ris:
217 3523 327 3578 dederis
346 3523 489 3593 Schultiaq
561 3521 669 3574 damni:
691 3521 736 3574 ·L·
757 3521 823 3574 anni
844 3531 865 3574 c
