2664 3920
534 172 730 228 OALPVRNII
747 172 873 228 FLACCI

657 351 745 418 XII.

568 475 739 544 Veneficii
761 495 834 545 rea.

196 601 361 660 Vnunrrcu
372 618 434 660 111
443 618 658 674 reuersurus,
672 617 774 659 noune
786 617 1079 661 cousc10s1umcuu.
1101 603 1212 660 amissa.

241 709 345 763 uxore,
375 709 410 748 11
434 709 494 764 qua
515 689 645 749 habebat
667 689 775 766 filium,
805 689 890 748 duxit
913 690 1040 748 alteram
1063 691 1093 748 et
1116 690 1152 750 de
1175 709 1212 750 11

170 799 183 839 e
242 781 372 854 suscepit
400 779 502 836 filiam.
556 779 749 838 adoleverunt
783 778 868 838 ambo
898 779 1036 839 infantes.
1088 781 1211 855 repente

243 868 389 946 ambiguis
418 869 510 946 signis
537 870 617 943 perit
645 867 822 926 adulescens.
863 869 950 943 pater
976 887 1098 926 uxorem
1125 887 1210 928 accu-

241 959 321 1016 savit
339 958 370 1015 et
388 957 550 1016 damnavit.
588 976 655 1015 cum
667 958 866 1032 torqueretur,
883 956 978 1016 filiam
992 957 1049 1016 sibi
1063 959 1211 1016 consciam

242 1045 325 1104 dixit.
362 1048 476 1121 petitur
493 1045 594 1121 puella
613 1065 647 1104 ex
665 1045 731 1123 lege
750 1046 787 1104 ad
800 1064 934 1121 poenam.
972 1046 1056 1105 adest
1074 1048 1102 1104 ei
1115 1048 1209 1121 pater.

264 1187 401 1247 Nouerca
427 1187 504 1247 filios
536 1189 653 1246 nostros
687 1189 739 1246 aut
770 1188 993 1247 insimulatione
1022 1190 1212 1264 persequitur

156 1299 183 1339 10
198 1279 252 1334 aut
274 1295 387 1336 veneno
412 1295 488 1352 quae
511 1277 605 1336 scelus
629 1296 715 1336 suum
738 1278 822 1335 etin
845 1277 931 1335 domo
956 1270 1103 1336 veneficae
1126 1279 1156 1336 et
1177 1279 1210 1336 in

197 1365 351 1442 suppliciis
375 1367 476 1425 docuit
493 1366 668 1441 parricidae.
710 1365 903 1424 adoleverunt
926 1366 1022 1438 ambo,
1045 1367 1095 1425 sed
1113 1367 1210 1425 minor
1320 1423 1321 1428 ,

196 1453 259 1513 filia
290 1457 320 1514 et
348 1458 468 1531 praeter
498 1473 599 1514 sexum
628 1456 723 1513 multo
752 1456 845 1513 fratre
875 1456 1045 1530 simplicior.
1091 1457 1124 1514 in
1150 1473 1209 1514 uno
1320 1449 1321 1500 ἶ

195 1546 353 1619 utriusque
371 1547 501 1603 mentem
519 1545 637 1603 videris.
679 1563 746 1603 cum
767 1545 859 1619 periit
879 1543 1058 1618 adulescens,
1082 1547 1112 1602 et
1129 1545 1211 1619 patri

196 1651 344 1692 venenum
363 1633 467 1692 datum
486 1635 530 1692 est
553 1634 583 1692 et
606 1627 707 1692 sorori.
754 1651 770 1692 o
793 1633 933 1692 noverca!
957 1635 1002 1692 est
1023 1633 1086 1691 alta
1108 1632 1208 1692 crude-

157 1743 183 1784 15
197 1722 281 1782 litas:
305 1725 434 1782 amasset
452 1724 482 1781 et
500 1723 648 1781 consciam
665 1720 859 1797 putaremus?
898 1741 953 1800 pro
973 1723 1070 1781 nefas!
1093 1723 1210 1781 conscia

197 1811 307 1870 dicitur
330 1813 379 1870 cui
405 1811 499 1869 frater
527 1811 619 1885 perit!
660 1829 725 1885 cur,
754 1812 913 1891 postquam
941 1812 1072 1870 adolevit
1100 1810 1209 1886 puella,

197 1901 242 1959 est
271 1901 468 1975 interemptus
498 1900 676 1959 adulescens.
731 1899 847 1958 tamdiu
877 1919 946 1980 ergo
976 1901 1036 1958 fuit
1067 1918 1210 1960 novercae

198 1990 300 2064 quieta
328 1989 501 2063 crudelitas,
531 1988 673 2064 quamdiu
704 1990 785 2048 aetas
810 1989 892 2048 illius
923 1990 960 2048 ad
989 1990 1210 2064 persuasionem
1320 1995 1321 2002 ’

197 2079 395 2137 conscientiae
435 2079 612 2154 peruenerit.
667 2077 787 2137 modum
823 2096 883 2136 non
922 2077 1013 2137 habet
1053 2077 1208 2138 iracundia

156 2189 183 2228 ao
196 2168 367 2227 mentiendi.

648 2282 757 2351 XIII.

493 2407 648 2474 Medicus
671 2407 909 2488 tyrannicida.

197 2531 432 2589 Traanmcmln
456 2548 622 2590 1111111111.
668 2532 813 2606 tyrannus
844 2531 1010 2604 suspicatus
1038 2529 1095 2588 sibi
1122 2549 1208 2590 vene-

241 2639 313 2678 num
336 2620 440 2678 datum
463 2619 500 2677 ab
524 2637 557 2678 eo
576 2619 689 2678 medico
713 2639 800 2694 quem
822 2620 855 2677 in
873 2637 940 2678 aree
961 2618 1099 2694 habebat,
1120 2621 1210 2678 torsit

156 2730 183 2772 as
242 2727 317 2767 eum.
354 2708 407 2767 ille
424 2710 608 2785 pernegavit.
646 2710 729 2767 misit
742 2709 781 2766 ad
793 2708 941 2767 medicum
956 2709 1096 2768 civitatis.
1133 2709 1210 2768 dixit

242 2797 346 2856 datum
364 2797 412 2855 illi
435 2797 547 2856 abillo
571 2816 725 2872 vencnum,
749 2797 799 2856 sed
822 2815 852 2856 se
873 2797 1036 2855 remedium
1060 2798 1208 2856 daturum.

242 2887 324 2945 dedit
353 2888 506 2961 poculum,
537 2905 595 2961 quo
626 2886 768 2945 exhausto
793 2887 906 2944 ,statim
935 2887 1026 2961 periit
1054 2888 1208 2961 tyrannus.

225 2975 424 3035 *contendunt
447 2976 483 3033 de
504 2977 646 3051 praemio.

285 3134 418 3196 iquos
488 3125 614 3181 alterae
684 3131 791 3179 1111111
804 3125 894 3180 multo
908 3126 1051 3197 schelling
1121 3125 1211 3180 irater

198 3209 220 3252 ι’
281 3204 314 3252 13
332 3199 424 3252 utrius
442 3207 497 3252 Bc*
558 3203 591 3252 14
609 3210 747 3251 venenum
766 3197 863 3250 datum
883 3209 910 3254 e:
928 3197 1087 3251 vindicatus
1105 3207 1158 3251 Bo

196 3273 240 3324 est
259 3269 330 3324 alta:
354 3272 404 3324 tua
423 3268 535 3324 catilla
553 3269 711 3339 Schultiap;
735 3267 822 3321 stulta
843 3269 969 3334 Ocresia
992 3284 1008 3322 ο
1026 3283 1161 3324 novercae
1180 3271 1209 3322 et

196 3341 287 3396 altera
306 3343 456 3396 Burmann
536 3345 569 3393 16
587 3341 677 3409 pater,
695 3341 727 3392 irc
744 3357 830 3410 marp.
849 3337 937 3394 frater
954 3349 982 3393 B
1062 3347 1207 3410 1911111-
1313 3368 1319 3384 v

196 3412 335 3482 111111111
403 3412 511 3466 habent
530 3422 552 3465 c

286 3489 475 3538 ascensuum
494 3483 603 3538 datum:
621 3481 824 3544 verecundatus
842 3491 896 3536 Bc
997 3483 1165 3536 1111111110
1190 3493 1211 3536 c
1320 3535 1321 3538 ,

196 3554 271 3625 perit
295 3565 316 3608 ι’
