2664 3920
189 189 231 252 22
526 189 719 246 CALPVRNII
737 192 863 248 ronnei

570 421 575 430 ·
623 405 754 473 XXIV.

363 546 594 614 Indemnctus
618 548 818 615 carnificem
841 565 1019 617 recusans.

186 696 272 756 Lnon
299 713 542 756 mnnuunronvn
568 697 803 756 interficiendum
829 701 917 775 pater
942 699 1036 758 filium
1064 699 1195 759 carnifici

229 786 362 845 tradidit.
402 785 457 844 llle
475 787 541 844 vult
559 804 648 845 manu
667 788 761 862 patris
779 787 913 846 interfici.
950 790 1036 864 pater
1055 790 1120 864 ipse
1143 791 1195 864 qui

160 895 171 933 5
230 876 328 934 fuerat
351 874 489 948 offensus,
517 875 596 933 ultro
620 894 650 934 se
679 893 738 934 non
760 895 846 951 posse
872 877 969 936 facere
993 878 1071 952 quod
1093 897 1194 953 coepe-

228 967 277 1022 rat
300 963 462 1022 confitetur.

251 1140 346 1210 Quam
368 1143 547 1218 morigerum
570 1141 627 1200 sibi
649 1141 745 1200 filium
768 1161 855 1202 senex
875 1144 933 1203 iste
956 1144 1101 1217 formarit,
1123 1145 1192 1203 nolo

185 1231 266 1289 aliud
278 1231 421 1289 indicium
441 1248 530 1305 qnam
549 1231 635 1306 quod,
653 1250 690 1289 ne
704 1233 820 1306 patrem
838 1232 976 1305 laederet,
995 1251 1048 1291 neo
1066 1235 1193 1291 mortem

184 1321 339 1379 recusavit.
385 1321 463 1378 mori
484 1321 580 1379 iussus
604 1318 774 1379 adulescens
796 1322 829 1379 in
851 1322 955 1396 primis
979 1321 1074 1380 adhuc
1098 1324 1192 1395 annis,

145 1425 170 1466 ro
185 1429 242 1485 quo
265 1411 398 1484 tempore
425 1412 455 1468 et
481 1410 546 1467 vita
571 1410 723 1468 carissima
745 1411 790 1469 est
820 1411 850 1468 et
879 1428 958 1470 mors
985 1409 1103 1485 acerba,
1133 1428 1193 1469 non
1285 1461 1291 1476 ,

132 1511 135 1518 ’
184 1517 293 1574 quaero
316 1500 419 1557 vitam.
465 1499 491 1556 si
512 1500 624 1572 potest,
647 1497 737 1556 feriat
758 1499 887 1558 hostiam
911 1517 1000 1573 quam
1023 1499 1080 1558 diis
1102 1518 1192 1574 pena·

182 1587 262 1647 tibus
285 1589 381 1659 vovit,
405 1587 478 1646 sctis
501 1585 557 1646 sibi
579 1587 673 1645 faciat
694 1605 759 1645 meo
783 1589 939 1665 sanguine,
961 1590 1052 1646 immo
1076 1590 1192 1664 etipse

183 1695 249 1749 suo,
272 1676 429 1733 dummodo
451 1694 490 1732 ne
511 1694 564 1749 per
586 1694 707 1733 manum
730 1676 820 1734 uilem
842 1679 888 1736 ius
911 1678 1032 1751 pietatis
1055 1678 1192 1751 infuscet,

184 1767 254 1840 quia
283 1783 336 1823 nec
365 1765 438 1822 iuris
467 1764 545 1821 ratio
574 1766 735 1838 permittit,
768 1767 802 1823 ut
831 1764 1007 1824 adhibeatur
1037 1766 1192 1825 adversum

144 1872 169 1912 rs
184 1873 250 1912 eum
273 1853 412 1927 carnifex,
437 1854 575 1928 inquom
597 1871 657 1910 non
675 1854 734 1911 fuit
750 1854 845 1913 iudex.
891 1854 983 1914 faciat
1000 1856 1081 1913 vitae
1103 1854 1192 1913 finem

184 1944 236 2018 qui
254 1943 398 2020 originem
416 1941 501 2016 fecit3
524 1958 583 1999 non
606 1941 641 1999 de
659 1944 754 2000 morte
773 1961 840 2001 oum
857 1945 943 2018 patre
964 1944 1014 2003 sed
1033 1944 1069 2002 de
1087 1946 1190 2003 mortis

184 2025 306 2110 [patris]
330 2049 436 2109 genere
454 2031 603 2089 dissentio.
650 2031 763 2106 eripere
781 2033 827 2090 vis
845 2034 939 2091 vitam
959 2051 1048 2107 qnam
1071 2032 1191 2092 dedisti:

182 2140 242 2179 non
270 2119 428 2179 infitiabor.
475 2119 547 2194 quid
576 2138 629 2194 per
656 2121 784 2178 alterum
810 2118 909 2195 petis?
953 2123 999 2180 ius
1030 2122 1108 2196 quod
1134 2120 1191 2179 tibi

182 2210 327 2284 vindicas,
358 2210 497 2284 experire.
546 2227 632 2267 nemo
662 2211 693 2267 te
721 2208 871 2283 prohibet:
901 2210 1012 2283 occide,
1044 2212 1069 2268 si
1098 2213 1190 2285 potes,

143 2318 169 2356 so
183 2299 335 2372 confitere,
365 2293 432 2376 <si>
461 2316 521 2356 non
549 2300 642 2372 potes.
694 2316 779 2356 nemo
811 2317 953 2372 umquam
982 2301 1191 2377 magistratum

182 2388 254 2447 fecit
271 2389 416 2446 vicarium
438 2388 541 2446 necin
564 2387 622 2444 alio
645 2386 791 2445 militavit
812 2405 865 2446 neo
889 2405 973 2445 sacra
996 2382 1191 2466 gentil<ic>ia

181 2478 324 2536 insertive
350 2478 441 2550 stirpe
471 2477 611 2549 corrupit.
657 2477 720 2533 vita
747 2476 821 2534 mihi
845 2476 976 2549 tollitur,
1006 2477 1056 2535 sed
1084 2495 1190 2536 manus

181 2568 307 2640 paterna
325 2565 418 2624 (lebet.
459 2583 519 2623 non
537 2567 630 2639 potes,
648 2565 741 2640 pater,
760 2566 834 2642 legis
853 2565 983 2624 eiusdem
1004 2568 1034 2624 et
1051 2567 1190 2643 inrogare

183 2655 360 2730 supplicium
379 2657 409 2711 et
427 2653 571 2730 denegare
585 2653 735 2712 solacium.
772 2653 896 2728 placabo
915 2654 1066 2712 dexteram
1084 2673 1190 2728 meam,

143 2743 262 2816 secedo,
284 2745 431 2818 tantisper
453 2742 610 2800 exosculor.
657 2761 673 2799 o
697 2760 815 2816 manus,
843 2743 914 2800 olim
937 2761 1015 2817 mea,
1044 2762 1120 2818 qnae
1141 2763 1190 2801 me

182 2833 340 2908 parvulum
363 2849 449 2906 saepe
477 2833 613 2908 gestasti,
637 2849 836 2906 quamsaepe
862 2831 992 2891 lacrimis
1022 2851 1096 2907 puer
1118 2832 1188 2891 lavi.

182 2940 262 2980 erras
280 2923 367 2996 pater
385 2922 436 2995 qui
453 2919 570 2978 facilius
590 2921 740 2979 existimas
760 2920 929 2978 huiusmodi
952 2921 1070 2980 caedem
1088 2921 1188 2979 videre

183 3029 272 3085 qnam
294 3010 398 3069 facere.

270 3178 433 3285 arecusalzgls
454 3223 474 3266 ο
561 3218 577 3266 8
596 3211 707 3266 laedere
726 3222 788 3280 1103
807 3229 874 3268 corr.
897 3213 944 3268 Gr.
1054 3220 1067 3267 1
1088 3230 1189 3282 queror

184 3286 231 3340 Gr.
247 3285 329 3340 deleto
343 3286 431 3339 vitam
493 3283 577 3338 feriat
593 3284 655 3338 Gr„-
673 3284 733 3337 fieri
752 3284 856 3337 aduc
915 3285 1026 3338 12novi
1058 3296 1079 3338 ο
1137 3285 1188 3338 fiat

181 3365 236 3409 Bo
304 3355 716 3425 ipeeGr.:ipech;ipsoe
788 3360 821 3408 13
840 3372 875 3409 ne
894 3364 989 3410 οη]
1060 3362 1093 3410 16
1111 3371 1187 3409 more

181 3436 235 3480 Bo
309 3433 340 3480 17
355 3427 444 3498 patris
459 3429 508 3482 del.
525 3427 653 3481 Pithoeus
731 3431 764 3479 19
778 3426 951 3480 vendicasB
1026 3432 1060 3480 ‘20
1079 3428 1103 3480 ei
1122 3428 1186 3482 cdd.

184 3498 295 3553 Obrecht
353 3505 384 3553 21
400 3498 518 3569 gentilia
532 3507 594 3565 Βος
614 3509 714 3553 corne
776 3503 809 3550 22
827 3496 940 3550 insitiva
956 3497 1003 3551 Gr.
1060 3504 1093 3551 23
1108 3498 1187 3568 legu-

182 3569 220 3622 sia
239 3570 298 3623 eius
318 3570 411 3624 demet
428 3578 456 3622 B
