<?xml version="1.0" encoding="UTF-8"?>
<!DOCTYPE html PUBLIC "-//W3C//DTD XHTML 1.0 Transitional//EN"
    "http://www.w3.org/TR/xhtml1/DTD/xhtml1-transitional.dtd">
<html xmlns="http://www.w3.org/1999/xhtml" xml:lang="en" lang="en">
 <head>
  <title>
</title>
<meta http-equiv="Content-Type" content="text/html;charset=utf-8" />
  <meta name='ocr-system' content='tesseract 3.04.00' />
  <meta name='ocr-capabilities' content='ocr_page ocr_carea ocr_par ocr_line ocrx_word'/>
</head>
<body>
  <div class='ocr_page' id='page_1' title='image "./calpvrniiflacci01flacgoog_0045.png"; bbox 0 0 2664 3920; ppageno 0'>
   <div class='ocr_carea' id='block_1_1' title="bbox 170 167 842 253">
    <p class='ocr_par' dir='ltr' id='par_1_1' title="bbox 170 167 842 253">
     <span class='ocr_line' id='line_1_1' title="bbox 170 167 842 253; baseline -0.001 -30"><span class='ocrx_word' id='word_1_1' title='bbox 170 169 211 232; x_wconf 84' lang='lat'><strong>16</strong></span> <span class='ocrx_word' id='word_1_2' title='bbox 281 249 283 253; x_wconf 13' lang='grc' dir='ltr'>ι</span> <span class='ocrx_word' id='word_1_3' title='bbox 502 167 697 232; x_wconf 80' lang='lat' dir='ltr'><strong>omrvann</strong></span> <span class='ocrx_word' id='word_1_4' title='bbox 715 167 842 224; x_wconf 77' lang='lat' dir='ltr'><strong>rancor</strong></span> 
     </span>
    </p>
   </div>
   <div class='ocr_carea' id='block_1_2' title="bbox 127 337 1181 1732">
    <p class='ocr_par' dir='ltr' id='par_1_2' title="bbox 168 337 1181 683">
     <span class='ocr_line' id='line_1_2' title="bbox 234 337 1179 414; baseline 0.001 -18"><span class='ocrx_word' id='word_1_5' title='bbox 234 337 330 396; x_wconf 85' lang='lat' dir='ltr'><strong>Reum</strong></span> <span class='ocrx_word' id='word_1_6' title='bbox 359 338 456 397; x_wconf 88' lang='lat' dir='ltr'><strong>caedis</strong></span> <span class='ocrx_word' id='word_1_7' title='bbox 486 339 573 398; x_wconf 87' lang='lat' dir='ltr'><strong>unius</strong></span> <span class='ocrx_word' id='word_1_8' title='bbox 604 357 717 398; x_wconf 78' lang='lat' dir='ltr'><strong>maesse</strong></span> <span class='ocrx_word' id='word_1_9' title='bbox 744 339 797 414; x_wconf 90' lang='lat' dir='ltr'><strong>qui</strong></span> <span class='ocrx_word' id='word_1_10' title='bbox 823 338 896 397; x_wconf 89' lang='lat' dir='ltr'><strong>duos</strong></span> <span class='ocrx_word' id='word_1_11' title='bbox 925 339 1179 413; x_wconf 75' lang='lat' dir='ltr'><strong>pariteroccidit.</strong></span> 
     </span>
     <span class='ocr_line' id='line_1_3' title="bbox 168 426 1180 503; baseline 0 -17"><span class='ocrx_word' id='word_1_12' title='bbox 168 427 267 487; x_wconf 87' lang='lat' dir='ltr'><strong>aditus</strong></span> <span class='ocrx_word' id='word_1_13' title='bbox 298 427 367 486; x_wconf 90' lang='lat' dir='ltr'><strong>huic</strong></span> <span class='ocrx_word' id='word_1_14' title='bbox 399 446 448 486; x_wconf 89' lang='lat' dir='ltr'><strong>reo</strong></span> <span class='ocrx_word' id='word_1_15' title='bbox 485 427 704 486; x_wconf 75' lang='lat' dir='ltr'><strong>misericordiae</strong></span> <span class='ocrx_word' id='word_1_16' title='bbox 740 426 857 486; x_wconf 87' lang='lat' dir='ltr'><strong>clausus</strong></span> <span class='ocrx_word' id='word_1_17' title='bbox 889 429 942 486; x_wconf 90' lang='lat' dir='ltr'><strong>est.</strong></span> <span class='ocrx_word' id='word_1_18' title='bbox 997 428 1069 503; x_wconf 90' lang='lat' dir='ltr'><strong>quid</strong></span> <span class='ocrx_word' id='word_1_19' title='bbox 1101 430 1180 486; x_wconf 89' lang='lat' dir='ltr'><strong>enim</strong></span> 
     </span>
     <span class='ocr_line' id='line_1_4' title="bbox 168 517 1181 591; baseline 0.002 -17"><span class='ocrx_word' id='word_1_20' title='bbox 168 533 286 591; x_wconf 87' lang='lat' dir='ltr'><strong>sperare</strong></span> <span class='ocrx_word' id='word_1_21' title='bbox 314 518 426 591; x_wconf 86' lang='lat' dir='ltr'><strong>poterit</strong></span> <span class='ocrx_word' id='word_1_22' title='bbox 449 535 468 574; x_wconf 89' lang='lat' dir='ltr'><strong>a</strong></span> <span class='ocrx_word' id='word_1_23' title='bbox 489 517 628 576; x_wconf 77' lang='lat' dir='ltr'>lacrimis.</span> <span class='ocrx_word' id='word_1_24' title='bbox 674 518 790 576; x_wconf 86' lang='lat' dir='ltr'><strong>iuvenis</strong></span> <span class='ocrx_word' id='word_1_25' title='bbox 813 517 904 575; x_wconf 86' lang='lat' dir='ltr'><strong>etiam</strong></span> <span class='ocrx_word' id='word_1_26' title='bbox 933 517 1009 575; x_wconf 86' lang='lat' dir='ltr'><strong>facie</strong></span> <span class='ocrx_word' id='word_1_27' title='bbox 1038 517 1181 591; x_wconf 86' lang='lat' dir='ltr'><strong>liberalis,</strong></span> 
     </span>
     <span class='ocr_line' id='line_1_5' title="bbox 169 605 1180 683; baseline 0.002 -21"><span class='ocrx_word' id='word_1_28' title='bbox 169 605 288 680; x_wconf 89' lang='lat' dir='ltr'><strong>qualem</strong></span> <span class='ocrx_word' id='word_1_29' title='bbox 310 624 395 664; x_wconf 89' lang='lat' dir='ltr'><strong>nemo</strong></span> <span class='ocrx_word' id='word_1_30' title='bbox 418 623 477 664; x_wconf 93' lang='lat' dir='ltr'><strong>non</strong></span> <span class='ocrx_word' id='word_1_31' title='bbox 500 605 558 664; x_wconf 91' lang='lat' dir='ltr'><strong>sibi</strong></span> <span class='ocrx_word' id='word_1_32' title='bbox 580 607 634 664; x_wconf 88' lang='lat' dir='ltr'><strong>aut</strong></span> <span class='ocrx_word' id='word_1_33' title='bbox 653 605 749 663; x_wconf 88' lang='lat' dir='ltr'><strong>filium</strong></span> <span class='ocrx_word' id='word_1_34' title='bbox 772 607 866 679; x_wconf 87' lang='lat' dir='ltr'><strong>optat,</strong></span> <span class='ocrx_word' id='word_1_35' title='bbox 890 606 942 663; x_wconf 92' lang='lat' dir='ltr'><strong>aut</strong></span> <span class='ocrx_word' id='word_1_36' title='bbox 964 625 1113 683; x_wconf 80' lang='lat' dir='ltr'><strong>generum.</strong></span> <span class='ocrx_word' id='word_1_37' title='bbox 1153 607 1180 664; x_wconf 90' lang='lat' dir='ltr'><strong>is</strong></span> 
     </span>
    </p>

    <p class='ocr_par' dir='ltr' id='par_1_3' title="bbox 127 695 1180 1732">
     <span class='ocr_line' id='line_1_6' title="bbox 139 695 1180 770; baseline 0.003 -19"><span class='ocrx_word' id='word_1_38' title='bbox 139 713 236 754; x_wconf 85' lang='lat' dir='ltr'><strong>soum</strong></span> <span class='ocrx_word' id='word_1_39' title='bbox 257 695 375 769; x_wconf 87' lang='lat' dir='ltr'><strong>puellae</strong></span> <span class='ocrx_word' id='word_1_40' title='bbox 397 696 522 769; x_wconf 86' lang='lat' dir='ltr'><strong>peteret</strong></span> <span class='ocrx_word' id='word_1_41' title='bbox 539 695 672 770; x_wconf 76' lang='lat' dir='ltr'><strong>nuptias,</strong></span> <span class='ocrx_word' id='word_1_42' title='bbox 700 695 752 752; x_wconf 92' lang='lat' dir='ltr'><strong>diu</strong></span> <span class='ocrx_word' id='word_1_43' title='bbox 778 695 894 770; x_wconf 88' lang='lat' dir='ltr'><strong>peteret</strong></span> <span class='ocrx_word' id='word_1_44' title='bbox 921 695 951 753; x_wconf 89' lang='lat' dir='ltr'><strong>et</strong></span> <span class='ocrx_word' id='word_1_45' title='bbox 977 697 1039 753; x_wconf 85' lang='lat' dir='ltr'><strong>iam</strong></span> <span class='ocrx_word' id='word_1_46' title='bbox 1061 712 1180 770; x_wconf 85' lang='lat' dir='ltr'><strong>sperare</strong></span> 
     </span>
     <span class='ocr_line' id='line_1_7' title="bbox 168 783 1180 860; baseline 0 -18"><span class='ocrx_word' id='word_1_47' title='bbox 168 784 321 858; x_wconf 88' lang='lat' dir='ltr'><strong>coepisset,</strong></span> <span class='ocrx_word' id='word_1_48' title='bbox 339 783 494 842; x_wconf 73' lang='lat' dir='ltr'><strong>festinavit</strong></span> <span class='ocrx_word' id='word_1_49' title='bbox 507 785 543 841; x_wconf 89' lang='lat' dir='ltr'><strong>ut</strong></span> <span class='ocrx_word' id='word_1_50' title='bbox 557 785 673 842; x_wconf 87' lang='lat' dir='ltr'><strong>amator</strong></span> <span class='ocrx_word' id='word_1_51' title='bbox 687 785 718 842; x_wconf 89' lang='lat' dir='ltr'><strong>et</strong></span> <span class='ocrx_word' id='word_1_52' title='bbox 727 815 769 823; x_wconf 92' lang='lat'>-</span> <span class='ocrx_word' id='word_1_53' title='bbox 781 783 852 857; x_wconf 90' lang='lat' dir='ltr'><strong>quid</strong></span> <span class='ocrx_word' id='word_1_54' title='bbox 866 783 963 842; x_wconf 83' lang='lat' dir='ltr'><strong>dicam</strong></span> <span class='ocrx_word' id='word_1_55' title='bbox 974 785 1127 860; x_wconf 87' lang='lat' dir='ltr'><strong>-rapuit</strong></span> <span class='ocrx_word' id='word_1_56' title='bbox 1141 803 1180 842; x_wconf 89' lang='lat' dir='ltr'><strong>an</strong></span> 
     </span>
     <span class='ocr_line' id='line_1_8' title="bbox 168 871 1179 949; baseline 0.002 -19"><span class='ocrx_word' id='word_1_57' title='bbox 168 872 261 930; x_wconf 77' lang='lat' dir='ltr'><strong>duxit.</strong></span> <span class='ocrx_word' id='word_1_58' title='bbox 307 873 406 949; x_wconf 82' lang='lat' dir='ltr'><strong>virgo,</strong></span> <span class='ocrx_word' id='word_1_59' title='bbox 430 872 508 947; x_wconf 91' lang='lat' dir='ltr'><strong>quod</strong></span> <span class='ocrx_word' id='word_1_60' title='bbox 531 872 627 932; x_wconf 91' lang='lat' dir='ltr'><strong>solum</strong></span> <span class='ocrx_word' id='word_1_61' title='bbox 649 873 756 947; x_wconf 88' lang='lat' dir='ltr'><strong>potuit,</strong></span> <span class='ocrx_word' id='word_1_62' title='bbox 786 871 863 930; x_wconf 83' lang='lat' dir='ltr'><strong>nihil</strong></span> <span class='ocrx_word' id='word_1_63' title='bbox 886 874 991 947; x_wconf 85' lang='lat' dir='ltr'><strong>questa</strong></span> <span class='ocrx_word' id='word_1_64' title='bbox 1013 874 1067 932; x_wconf 89' lang='lat' dir='ltr'><strong>est.</strong></span> <span class='ocrx_word' id='word_1_65' title='bbox 1113 875 1179 949; x_wconf 88' lang='lat' dir='ltr'><strong>quis</strong></span> 
     </span>
     <span class='ocr_line' id='line_1_9' title="bbox 168 959 1179 1036; baseline 0.002 -18"><span class='ocrx_word' id='word_1_66' title='bbox 168 979 227 1020; x_wconf 89' lang='lat' dir='ltr'><strong>non</strong></span> <span class='ocrx_word' id='word_1_67' title='bbox 249 961 409 1034; x_wconf 76' lang='lat' dir='ltr'><strong>inhorruit,</strong></span> <span class='ocrx_word' id='word_1_68' title='bbox 431 962 499 1036; x_wconf 88' lang='lat' dir='ltr'><strong>quis</strong></span> <span class='ocrx_word' id='word_1_69' title='bbox 520 962 619 1024; x_wconf 87' lang='lat' dir='ltr'><strong>tecum</strong></span> <span class='ocrx_word' id='word_1_70' title='bbox 636 962 737 1036; x_wconf 90' lang='lat' dir='ltr'><strong>puella</strong></span> <span class='ocrx_word' id='word_1_71' title='bbox 759 979 819 1019; x_wconf 91' lang='lat' dir='ltr'><strong>non</strong></span> <span class='ocrx_word' id='word_1_72' title='bbox 842 959 946 1020; x_wconf 80' lang='lat' dir='ltr'><strong>flevit?</strong></span> <span class='ocrx_word' id='word_1_73' title='bbox 986 961 1066 1020; x_wconf 89' lang='lat' dir='ltr'><strong>dicat</strong></span> <span class='ocrx_word' id='word_1_74' title='bbox 1088 981 1179 1022; x_wconf 88' lang='lat' dir='ltr'><strong>nunc:</strong></span> 
     </span>
     <span class='ocr_line' id='line_1_10' title="bbox 167 1049 1180 1128; baseline 0.003 -21"><span class='ocrx_word' id='word_1_75' title='bbox 167 1049 257 1107; x_wconf 90' lang='lat' dir='ltr'><strong>libuit</strong></span> <span class='ocrx_word' id='word_1_76' title='bbox 280 1052 310 1108; x_wconf 91' lang='lat' dir='ltr'><strong>et</strong></span> <span class='ocrx_word' id='word_1_77' title='bbox 332 1051 426 1109; x_wconf 80' lang='lat' dir='ltr'><strong>liciiit.</strong></span> <span class='ocrx_word' id='word_1_78' title='bbox 468 1051 550 1109; x_wconf 91' lang='lat' dir='ltr'><strong>cuius</strong></span> <span class='ocrx_word' id='word_1_79' title='bbox 572 1050 654 1124; x_wconf 86' lang='lat' dir='ltr'><strong>haee,</strong></span> <span class='ocrx_word' id='word_1_80' title='bbox 678 1069 716 1108; x_wconf 91' lang='lat' dir='ltr'><strong>an</strong></span> <span class='ocrx_word' id='word_1_81' title='bbox 739 1051 817 1128; x_wconf 83' lang='lat' dir='ltr'><strong>regis</strong></span> <span class='ocrx_word' id='word_1_82' title='bbox 836 1052 932 1108; x_wconf 91' lang='lat' dir='ltr'><strong>oratio</strong></span> <span class='ocrx_word' id='word_1_83' title='bbox 952 1049 1017 1110; x_wconf 80' lang='lat' dir='ltr'><strong>est?</strong></span> <span class='ocrx_word' id='word_1_84' title='bbox 1039 1069 1093 1110; x_wconf 85' lang='lat' dir='ltr'><strong>uec</strong></span> <span class='ocrx_word' id='word_1_85' title='bbox 1115 1054 1180 1110; x_wconf 87' lang='lat' dir='ltr'><strong>erat</strong></span> 
     </span>
     <span class='ocr_line' id='line_1_11' title="bbox 127 1138 1178 1216; baseline 0.002 -20"><span class='ocrx_word' id='word_1_86' title='bbox 127 1157 154 1196; x_wconf 80' lang='lat' dir='ltr'><strong>io</strong></span> <span class='ocrx_word' id='word_1_87' title='bbox 168 1138 280 1196; x_wconf 77' lang='lat' dir='ltr'><strong>arbiter</strong></span> <span class='ocrx_word' id='word_1_88' title='bbox 311 1139 415 1198; x_wconf 89' lang='lat' dir='ltr'><strong>iudicii</strong></span> <span class='ocrx_word' id='word_1_89' title='bbox 444 1141 490 1198; x_wconf 90' lang='lat' dir='ltr'><strong>sui</strong></span> <span class='ocrx_word' id='word_1_90' title='bbox 519 1139 571 1198; x_wconf 90' lang='lat' dir='ltr'><strong>sed</strong></span> <span class='ocrx_word' id='word_1_91' title='bbox 602 1140 737 1197; x_wconf 83' lang='lat' dir='ltr'><strong>minister</strong></span> <span class='ocrx_word' id='word_1_92' title='bbox 767 1139 866 1197; x_wconf 86' lang='lat' dir='ltr'><strong>alieni.</strong></span> <span class='ocrx_word' id='word_1_93' title='bbox 911 1140 1020 1214; x_wconf 87' lang='lat' dir='ltr'><strong>tacuit,</strong></span> <span class='ocrx_word' id='word_1_94' title='bbox 1047 1141 1178 1216; x_wconf 89' lang='lat' dir='ltr'><strong>inquam.</strong></span> 
     </span>
     <span class='ocr_line' id='line_1_12' title="bbox 168 1228 1179 1288; baseline 0.001 -1"><span class='ocrx_word' id='word_1_95' title='bbox 168 1247 185 1287; x_wconf 94' lang='lat' dir='ltr'><strong>o</strong></span> <span class='ocrx_word' id='word_1_96' title='bbox 208 1229 285 1286; x_wconf 86' lang='lat' dir='ltr'><strong>mira</strong></span> <span class='ocrx_word' id='word_1_97' title='bbox 308 1231 338 1287; x_wconf 91' lang='lat' dir='ltr'><strong>et</strong></span> <span class='ocrx_word' id='word_1_98' title='bbox 360 1230 444 1288; x_wconf 87' lang='lat' dir='ltr'><strong>muta</strong></span> <span class='ocrx_word' id='word_1_99' title='bbox 462 1229 617 1286; x_wconf 87' lang='lat' dir='ltr'><strong>sententia.</strong></span> <span class='ocrx_word' id='word_1_100' title='bbox 663 1245 763 1287; x_wconf 89' lang='lat' dir='ltr'><strong>omnes</strong></span> <span class='ocrx_word' id='word_1_101' title='bbox 782 1229 880 1287; x_wconf 89' lang='lat' dir='ltr'><strong>sciunt</strong></span> <span class='ocrx_word' id='word_1_102' title='bbox 902 1228 1040 1288; x_wconf 77' lang='lat' dir='ltr'><strong>lacrimas</strong></span> <span class='ocrx_word' id='word_1_103' title='bbox 1063 1248 1098 1287; x_wconf 84' lang='lat' dir='ltr'><strong>ex</strong></span> <span class='ocrx_word' id='word_1_104' title='bbox 1120 1248 1179 1288; x_wconf 90' lang='lat' dir='ltr'><strong>uno</strong></span> 
     </span>
     <span class='ocr_line' id='line_1_13' title="bbox 167 1317 1179 1392; baseline -0.001 -14"><span class='ocrx_word' id='word_1_105' title='bbox 167 1317 386 1378; x_wconf 81' lang='lat' dir='ltr'><strong>misericordiae</strong></span> <span class='ocrx_word' id='word_1_106' title='bbox 413 1318 497 1377; x_wconf 84' lang='lat' dir='ltr'><strong>fonte</strong></span> <span class='ocrx_word' id='word_1_107' title='bbox 525 1335 658 1392; x_wconf 88' lang='lat' dir='ltr'><strong>manare,</strong></span> <span class='ocrx_word' id='word_1_108' title='bbox 686 1319 719 1376; x_wconf 91' lang='lat' dir='ltr'><strong>in</strong></span> <span class='ocrx_word' id='word_1_109' title='bbox 746 1335 846 1376; x_wconf 87' lang='lat' dir='ltr'><strong>amoro</strong></span> <span class='ocrx_word' id='word_1_110' title='bbox 868 1318 916 1376; x_wconf 84' lang='lat' dir='ltr'><strong>vel</strong></span> <span class='ocrx_word' id='word_1_111' title='bbox 939 1318 1080 1392; x_wconf 78' lang='lat' dir='ltr'><strong>maxime,</strong></span> <span class='ocrx_word' id='word_1_112' title='bbox 1109 1337 1179 1378; x_wconf 88' lang='lat' dir='ltr'><strong>nam</strong></span> 
     </span>
     <span class='ocr_line' id='line_1_14' title="bbox 140 1405 1180 1483; baseline -0.003 -14"><span class='ocrx_word' id='word_1_113' title='bbox 140 1406 261 1469; x_wconf 79' lang='lat' dir='ltr'><strong>isdem</strong></span> <span class='ocrx_word' id='word_1_114' title='bbox 288 1407 380 1466; x_wconf 90' lang='lat' dir='ltr'><strong>oculis</strong></span> <span class='ocrx_word' id='word_1_115' title='bbox 409 1407 514 1482; x_wconf 90' lang='lat' dir='ltr'><strong>quibus</strong></span> <span class='ocrx_word' id='word_1_116' title='bbox 543 1408 674 1480; x_wconf 85' lang='lat' dir='ltr'><strong>amatur,</strong></span> <span class='ocrx_word' id='word_1_117' title='bbox 702 1408 732 1466; x_wconf 90' lang='lat' dir='ltr'><strong>et</strong></span> <span class='ocrx_word' id='word_1_118' title='bbox 758 1405 853 1465; x_wconf 87' lang='lat' dir='ltr'><strong>fletur.</strong></span> <span class='ocrx_word' id='word_1_119' title='bbox 895 1407 985 1466; x_wconf 91' lang='lat' dir='ltr'><strong>miser</strong></span> <span class='ocrx_word' id='word_1_120' title='bbox 1011 1406 1063 1465; x_wconf 90' lang='lat' dir='ltr'><strong>ille</strong></span> <span class='ocrx_word' id='word_1_121' title='bbox 1091 1426 1180 1483; x_wconf 90' lang='lat' dir='ltr'><strong>quem</strong></span> 
     </span>
     <span class='ocr_line' id='line_1_15' title="bbox 167 1496 1178 1570; baseline 0 -16"><span class='ocrx_word' id='word_1_122' title='bbox 167 1496 250 1554; x_wconf 90' lang='lat' dir='ltr'><strong>nullo</strong></span> <span class='ocrx_word' id='word_1_123' title='bbox 274 1497 444 1555; x_wconf 85' lang='lat' dir='ltr'><strong>accusatore</strong></span> <span class='ocrx_word' id='word_1_124' title='bbox 466 1497 593 1570; x_wconf 81' lang='lat' dir='ltr'><strong>punisti,</strong></span> <span class='ocrx_word' id='word_1_125' title='bbox 621 1497 756 1556; x_wconf 90' lang='lat' dir='ltr'><strong>miserior</strong></span> <span class='ocrx_word' id='word_1_126' title='bbox 782 1496 836 1553; x_wconf 88' lang='lat' dir='ltr'><strong>illa</strong></span> <span class='ocrx_word' id='word_1_127' title='bbox 863 1512 952 1570; x_wconf 90' lang='lat' dir='ltr'><strong>quam</strong></span> <span class='ocrx_word' id='word_1_128' title='bbox 975 1497 1005 1554; x_wconf 89' lang='lat' dir='ltr'><strong>te</strong></span> <span class='ocrx_word' id='word_1_129' title='bbox 1028 1496 1178 1556; x_wconf 84' lang='lat' dir='ltr'><strong>vindicare</strong></span> 
     </span>
     <span class='ocr_line' id='line_1_16' title="bbox 127 1583 1180 1660; baseline 0.002 -18"><span class='ocrx_word' id='word_1_130' title='bbox 127 1602 154 1642; x_wconf 85' lang='lat'><strong>15</strong></span> <span class='ocrx_word' id='word_1_131' title='bbox 168 1585 323 1644; x_wconf 85' lang='lat' dir='ltr'><strong>simulasti.</strong></span> <span class='ocrx_word' id='word_1_132' title='bbox 370 1587 436 1658; x_wconf 89' lang='lat' dir='ltr'><strong>quis</strong></span> <span class='ocrx_word' id='word_1_133' title='bbox 459 1587 503 1659; x_wconf 91' lang='lat' dir='ltr'><strong>te,</strong></span> <span class='ocrx_word' id='word_1_134' title='bbox 526 1604 591 1658; x_wconf 92' lang='lat' dir='ltr'><strong>oro,</strong></span> <span class='ocrx_word' id='word_1_135' title='bbox 612 1586 725 1660; x_wconf 88' lang='lat' dir='ltr'><strong>poterit</strong></span> <span class='ocrx_word' id='word_1_136' title='bbox 751 1587 805 1643; x_wconf 85' lang='lat' dir='ltr'><strong>aut</strong></span> <span class='ocrx_word' id='word_1_137' title='bbox 831 1583 958 1644; x_wconf 90' lang='lat' dir='ltr'><strong>liberare</strong></span> <span class='ocrx_word' id='word_1_138' title='bbox 984 1584 1104 1644; x_wconf 88' lang='lat' dir='ltr'><strong>flentem</strong></span> <span class='ocrx_word' id='word_1_139' title='bbox 1127 1587 1180 1656; x_wconf 84' lang='lat' dir='ltr'><strong>aut</strong></span> 
     </span>
     <span class='ocr_line' id='line_1_17' title="bbox 167 1671 1115 1732; baseline -0.003 -1"><span class='ocrx_word' id='word_1_140' title='bbox 167 1673 237 1732; x_wconf 86' lang='lat' dir='ltr'><strong>fiere</strong></span> <span class='ocrx_word' id='word_1_141' title='bbox 259 1671 454 1732; x_wconf 79' lang='lat' dir='ltr'><strong>damnatum?</strong></span> <span class='ocrx_word' id='word_1_142' title='bbox 1113 1673 1115 1678; x_wconf 81' lang='grc'>’</span> 
     </span>
    </p>
   </div>
   <div class='ocr_carea' id='block_1_3' title="bbox 437 1825 901 2050">
    <p class='ocr_par' dir='ltr' id='par_1_4' title="bbox 437 1825 901 2050">
     <span class='ocr_line' id='line_1_18' title="bbox 614 1825 731 1894; baseline 0.017 -2"><span class='ocrx_word' id='word_1_143' title='bbox 614 1825 731 1894; x_wconf 78' lang='lat' dir='ltr'><strong>XVII.</strong></span> 
     </span>
     <span class='ocr_line' id='line_1_19' title="bbox 437 1966 901 2050; baseline 0.006 -17"><span class='ocrx_word' id='word_1_144' title='bbox 437 1966 667 2050; x_wconf 83' lang='lat' dir='ltr'><strong>Paedagogns</strong></span> <span class='ocrx_word' id='word_1_145' title='bbox 691 1967 901 2036; x_wconf 87' lang='lat' dir='ltr'><strong>cruciarius.</strong></span> 
     </span>
    </p>
   </div>
   <div class='ocr_carea' id='block_1_4' title="bbox 127 2115 1179 2638">
    <p class='ocr_par' dir='ltr' id='par_1_5' title="bbox 127 2115 1179 2552">
     <span class='ocr_line' id='line_1_20' title="bbox 168 2115 1178 2194; baseline 0 -18"><span class='ocrx_word' id='word_1_146' title='bbox 168 2115 339 2177; x_wconf 78' lang='lat' dir='ltr'><strong>Gmrnrnn</strong></span> <span class='ocrx_word' id='word_1_147' title='bbox 362 2133 552 2176; x_wconf 76' lang='lat' dir='ltr'><strong>rassermis</strong></span> <span class='ocrx_word' id='word_1_148' title='bbox 570 2133 726 2177; x_wconf 74' lang='lat' dir='ltr'><strong>vavassss</strong></span> <span class='ocrx_word' id='word_1_149' title='bbox 744 2134 873 2177; x_wconf 72' lang='lat' dir='ltr'><strong>vasam.</strong></span> <span class='ocrx_word' id='word_1_150' title='bbox 909 2136 1024 2194; x_wconf 88' lang='lat' dir='ltr'><strong>pauper</strong></span> <span class='ocrx_word' id='word_1_151' title='bbox 1044 2119 1074 2177; x_wconf 92' lang='lat' dir='ltr'><strong>et</strong></span> <span class='ocrx_word' id='word_1_152' title='bbox 1097 2117 1178 2176; x_wconf 84' lang='lat' dir='ltr'><strong>dives</strong></span> 
     </span>
     <span class='ocr_line' id='line_1_21' title="bbox 127 2207 1178 2284; baseline 0.002 -20"><span class='ocrx_word' id='word_1_153' title='bbox 127 2225 154 2264; x_wconf 76' lang='lat' dir='ltr'><strong>ao</strong></span> <span class='ocrx_word' id='word_1_154' title='bbox 211 2208 327 2266; x_wconf 85' lang='lat' dir='ltr'><strong>inimici</strong></span> <span class='ocrx_word' id='word_1_155' title='bbox 349 2208 407 2266; x_wconf 86' lang='lat' dir='ltr'><strong>visi</strong></span> <span class='ocrx_word' id='word_1_156' title='bbox 429 2207 549 2266; x_wconf 90' lang='lat' dir='ltr'><strong>suntin</strong></span> <span class='ocrx_word' id='word_1_157' title='bbox 572 2209 701 2284; x_wconf 86' lang='lat' dir='ltr'><strong>gratiam</strong></span> <span class='ocrx_word' id='word_1_158' title='bbox 725 2207 843 2266; x_wconf 86' lang='lat' dir='ltr'><strong>redisse.</strong></span> <span class='ocrx_word' id='word_1_159' title='bbox 888 2225 1002 2283; x_wconf 86' lang='lat' dir='ltr'><strong>pauper</strong></span> <span class='ocrx_word' id='word_1_160' title='bbox 1024 2209 1178 2266; x_wconf 87' lang='lat' dir='ltr'><strong>accusatus</strong></span> 
     </span>
     <span class='ocr_line' id='line_1_22' title="bbox 211 2295 1179 2374; baseline 0 -19"><span class='ocrx_word' id='word_1_161' title='bbox 211 2297 434 2374; x_wconf 82' lang='lat' dir='ltr'><strong>peregrinitatis</strong></span> <span class='ocrx_word' id='word_1_162' title='bbox 468 2297 558 2354; x_wconf 84' lang='lat' dir='ltr'><strong>venit.</strong></span> <span class='ocrx_word' id='word_1_163' title='bbox 605 2298 677 2354; x_wconf 92' lang='lat' dir='ltr'><strong>emit</strong></span> <span class='ocrx_word' id='word_1_164' title='bbox 709 2315 776 2355; x_wconf 88' lang='lat' dir='ltr'><strong>oum</strong></span> <span class='ocrx_word' id='word_1_165' title='bbox 805 2295 888 2355; x_wconf 84' lang='lat' dir='ltr'><strong>dives</strong></span> <span class='ocrx_word' id='word_1_166' title='bbox 917 2299 947 2355; x_wconf 89' lang='lat' dir='ltr'><strong>et</strong></span> <span class='ocrx_word' id='word_1_167' title='bbox 973 2295 1179 2374; x_wconf 80' lang='lat' dir='ltr'><strong>paedagogum</strong></span> 
     </span>
     <span class='ocr_line' id='line_1_23' title="bbox 210 2384 1178 2460; baseline -0.001 -15"><span class='ocrx_word' id='word_1_168' title='bbox 210 2384 272 2445; x_wconf 88' lang='lat' dir='ltr'><strong>filio</strong></span> <span class='ocrx_word' id='word_1_169' title='bbox 296 2385 386 2443; x_wconf 87' lang='lat' dir='ltr'><strong>dedit.</strong></span> <span class='ocrx_word' id='word_1_170' title='bbox 433 2385 602 2444; x_wconf 86' lang='lat' dir='ltr'><strong>adulescens</strong></span> <span class='ocrx_word' id='word_1_171' title='bbox 624 2387 658 2443; x_wconf 93' lang='lat' dir='ltr'><strong>in</strong></span> <span class='ocrx_word' id='word_1_172' title='bbox 681 2385 826 2443; x_wconf 88' lang='lat' dir='ltr'><strong>adulterio</strong></span> <span class='ocrx_word' id='word_1_173' title='bbox 846 2385 1042 2460; x_wconf 88' lang='lat' dir='ltr'><strong>deprehensus</strong></span> <span class='ocrx_word' id='word_1_174' title='bbox 1066 2386 1178 2444; x_wconf 89' lang='lat' dir='ltr'><strong>occisus</strong></span> 
     </span>
     <span class='ocr_line' id='line_1_24' title="bbox 212 2473 1178 2552; baseline 0.001 -20"><span class='ocrx_word' id='word_1_175' title='bbox 212 2476 264 2548; x_wconf 87' lang='lat' dir='ltr'><strong>est.</strong></span> <span class='ocrx_word' id='word_1_176' title='bbox 307 2475 406 2552; x_wconf 80' lang='lat' dir='ltr'><strong>agitur</strong></span> <span class='ocrx_word' id='word_1_177' title='bbox 434 2474 624 2552; x_wconf 83' lang='lat' dir='ltr'><strong>paedagogus</strong></span> <span class='ocrx_word' id='word_1_178' title='bbox 654 2475 687 2532; x_wconf 90' lang='lat' dir='ltr'><strong>in</strong></span> <span class='ocrx_word' id='word_1_179' title='bbox 716 2493 839 2533; x_wconf 88' lang='lat' dir='ltr'><strong>crucem.</strong></span> <span class='ocrx_word' id='word_1_180' title='bbox 882 2474 1015 2549; x_wconf 89' lang='lat' dir='ltr'><strong>appellat</strong></span> <span class='ocrx_word' id='word_1_181' title='bbox 1043 2473 1178 2533; x_wconf 83' lang='lat' dir='ltr'><strong>tribunos</strong></span> 
     </span>
    </p>

    <p class='ocr_par' dir='ltr' id='par_1_6' title="bbox 212 2563 558 2638">
     <span class='ocr_line' id='line_1_25' title="bbox 212 2563 558 2638; baseline 0 -18"><span class='ocrx_word' id='word_1_182' title='bbox 212 2563 248 2621; x_wconf 91' lang='lat' dir='ltr'><strong>de</strong></span> <span class='ocrx_word' id='word_1_183' title='bbox 269 2564 380 2622; x_wconf 89' lang='lat' dir='ltr'><strong>iniusto</strong></span> <span class='ocrx_word' id='word_1_184' title='bbox 404 2564 558 2638; x_wconf 88' lang='lat' dir='ltr'><strong>supplicio.</strong></span> 
     </span>
    </p>
   </div>
   <div class='ocr_carea' id='block_1_5' title="bbox 128 2722 1179 3154">
    <p class='ocr_par' dir='ltr' id='par_1_7' title="bbox 128 2722 1179 3154">
     <span class='ocr_line' id='line_1_26' title="bbox 128 2722 1179 2798; baseline 0.001 -19"><span class='ocrx_word' id='word_1_185' title='bbox 128 2741 154 2782; x_wconf 80' lang='lat' dir='ltr'><strong>ss</strong></span> <span class='ocrx_word' id='word_1_186' title='bbox 235 2722 395 2798; x_wconf 82' lang='lat' dir='ltr'><strong>Equidem,</strong></span> <span class='ocrx_word' id='word_1_187' title='bbox 431 2723 556 2798; x_wconf 86' lang='lat' dir='ltr'><strong>iudices,</strong></span> <span class='ocrx_word' id='word_1_188' title='bbox 594 2722 759 2797; x_wconf 87' lang='lat' dir='ltr'><strong>propitium</strong></span> <span class='ocrx_word' id='word_1_189' title='bbox 794 2723 869 2780; x_wconf 87' lang='lat' dir='ltr'><strong>mihi</strong></span> <span class='ocrx_word' id='word_1_190' title='bbox 905 2722 1029 2781; x_wconf 80' lang='lat' dir='ltr'><strong>divitem</strong></span> <span class='ocrx_word' id='word_1_191' title='bbox 1065 2741 1179 2798; x_wconf 91' lang='lat' dir='ltr'><strong>semper</strong></span> 
     </span>
     <span class='ocr_line' id='line_1_27' title="bbox 168 2810 1179 2888; baseline -0.001 -17"><span class='ocrx_word' id='word_1_192' title='bbox 168 2813 283 2888; x_wconf 84' lang='lat' dir='ltr'><strong>optavi:</strong></span> <span class='ocrx_word' id='word_1_193' title='bbox 312 2814 410 2871; x_wconf 91' lang='lat' dir='ltr'><strong>totum</strong></span> <span class='ocrx_word' id='word_1_194' title='bbox 431 2831 479 2871; x_wconf 93' lang='lat' dir='ltr'><strong>me</strong></span> <span class='ocrx_word' id='word_1_195' title='bbox 507 2812 609 2872; x_wconf 82' lang='lat' dir='ltr'><strong>divitis</strong></span> <span class='ocrx_word' id='word_1_196' title='bbox 636 2810 706 2870; x_wconf 87' lang='lat' dir='ltr'><strong>fidei</strong></span> <span class='ocrx_word' id='word_1_197' title='bbox 729 2813 771 2887; x_wconf 87' lang='lat' dir='ltr'><strong>et,</strong></span> <span class='ocrx_word' id='word_1_198' title='bbox 801 2813 871 2869; x_wconf 89' lang='lat' dir='ltr'><strong>ante</strong></span> <span class='ocrx_word' id='word_1_199' title='bbox 898 2829 988 2885; x_wconf 88' lang='lat' dir='ltr'><strong>quam</strong></span> <span class='ocrx_word' id='word_1_200' title='bbox 1010 2811 1179 2886; x_wconf 77' lang='lat' dir='ltr'><strong>redimeret,</strong></span> 
     </span>
     <span class='ocr_line' id='line_1_28' title="bbox 167 2900 1178 2980; baseline -0.002 -20"><span class='ocrx_word' id='word_1_201' title='bbox 167 2902 275 2960; x_wconf 86' lang='lat' dir='ltr'><strong>addixi.</strong></span> <span class='ocrx_word' id='word_1_202' title='bbox 317 2901 405 2960; x_wconf 87' lang='lat' dir='ltr'><strong>audio</strong></span> <span class='ocrx_word' id='word_1_203' title='bbox 428 2921 475 2960; x_wconf 90' lang='lat' dir='ltr'><strong>me</strong></span> <span class='ocrx_word' id='word_1_204' title='bbox 498 2901 595 2962; x_wconf 87' lang='lat' dir='ltr'><strong>subito</strong></span> <span class='ocrx_word' id='word_1_205' title='bbox 613 2901 810 2980; x_wconf 82' lang='lat' dir='ltr'><strong>peregrinum,</strong></span> <span class='ocrx_word' id='word_1_206' title='bbox 835 2900 914 2975; x_wconf 93' lang='lat' dir='ltr'><strong>quod</strong></span> <span class='ocrx_word' id='word_1_207' title='bbox 931 2919 985 2958; x_wconf 90' lang='lat' dir='ltr'><strong>nec</strong></span> <span class='ocrx_word' id='word_1_208' title='bbox 1006 2902 1093 2976; x_wconf 88' lang='lat' dir='ltr'><strong>pater</strong></span> <span class='ocrx_word' id='word_1_209' title='bbox 1114 2901 1178 2975; x_wconf 92' lang='lat' dir='ltr'><strong>ipse</strong></span> 
     </span>
     <span class='ocr_line' id='line_1_29' title="bbox 167 2989 1177 3066; baseline -0.002 -17"><span class='ocrx_word' id='word_1_210' title='bbox 167 3009 221 3050; x_wconf 87' lang='lat' dir='ltr'><strong>nec</strong></span> <span class='ocrx_word' id='word_1_211' title='bbox 243 2993 339 3050; x_wconf 88' lang='lat' dir='ltr'><strong>mater</strong></span> <span class='ocrx_word' id='word_1_212' title='bbox 357 2991 517 3066; x_wconf 81' lang='lat' dir='ltr'><strong>aliquando</strong></span> <span class='ocrx_word' id='word_1_213' title='bbox 535 2991 716 3066; x_wconf 89' lang='lat' dir='ltr'><strong>prodiderat,</strong></span> <span class='ocrx_word' id='word_1_214' title='bbox 738 3007 792 3048; x_wconf 93' lang='lat' dir='ltr'><strong>nec</strong></span> <span class='ocrx_word' id='word_1_215' title='bbox 813 2989 939 3064; x_wconf 89' lang='lat' dir='ltr'><strong>denique</strong></span> <span class='ocrx_word' id='word_1_216' title='bbox 957 3007 1099 3064; x_wconf 90' lang='lat' dir='ltr'><strong>umquam</strong></span> <span class='ocrx_word' id='word_1_217' title='bbox 1120 2991 1177 3047; x_wconf 90' lang='lat' dir='ltr'><strong>ini·</strong></span> 
     </span>
     <span class='ocr_line' id='line_1_30' title="bbox 167 3079 1178 3154; baseline -0.002 -16"><span class='ocrx_word' id='word_1_218' title='bbox 167 3082 260 3140; x_wconf 90' lang='lat' dir='ltr'><strong>micus</strong></span> <span class='ocrx_word' id='word_1_219' title='bbox 291 3081 372 3140; x_wconf 85' lang='lat' dir='ltr'><strong>dives</strong></span> <span class='ocrx_word' id='word_1_220' title='bbox 400 3079 555 3139; x_wconf 90' lang='lat' dir='ltr'><strong>obiecerat.</strong></span> <span class='ocrx_word' id='word_1_221' title='bbox 596 3079 658 3138; x_wconf 91' lang='lat' dir='ltr'><strong>filio</strong></span> <span class='ocrx_word' id='word_1_222' title='bbox 684 3097 731 3138; x_wconf 89' lang='lat' dir='ltr'><strong>mo</strong></span> <span class='ocrx_word' id='word_1_223' title='bbox 762 3080 913 3138; x_wconf 86' lang='lat' dir='ltr'><strong>luxurioso</strong></span> <span class='ocrx_word' id='word_1_224' title='bbox 942 3079 1004 3136; x_wconf 91' lang='lat' dir='ltr'><strong>iam</strong></span> <span class='ocrx_word' id='word_1_225' title='bbox 1036 3081 1066 3137; x_wconf 90' lang='lat' dir='ltr'><strong>et</strong></span> <span class='ocrx_word' id='word_1_226' title='bbox 1092 3081 1178 3154; x_wconf 91' lang='lat' dir='ltr'><strong>petu-</strong></span> 
     </span>
    </p>
   </div>
   <div class='ocr_carea' id='block_1_6' title="bbox 166 3264 1179 3606">
    <p class='ocr_par' dir='ltr' id='par_1_8' title="bbox 166 3264 1177 3470">
     <span class='ocr_line' id='line_1_31' title="bbox 257 3264 1177 3336; baseline -0.002 -16"><span class='ocrx_word' id='word_1_227' title='bbox 257 3267 499 3336; x_wconf 74' lang='lat' dir='ltr'><strong>lquidvos11c3</strong></span> <span class='ocrx_word' id='word_1_228' title='bbox 518 3277 619 3321; x_wconf 70' lang='lat' dir='ltr'><strong>corus</strong></span> <span class='ocrx_word' id='word_1_229' title='bbox 672 3264 832 3331; x_wconf 72' lang='lat' dir='ltr'><strong>3facile13</strong></span> <span class='ocrx_word' id='word_1_230' title='bbox 884 3264 1011 3336; x_wconf 83' lang='lat' dir='ltr'><strong>4qualis</strong></span> <span class='ocrx_word' id='word_1_231' title='bbox 1030 3275 1060 3332; x_wconf 72' lang='grc' dir='ltr'><strong>ος</strong></span> <span class='ocrx_word' id='word_1_232' title='bbox 1080 3264 1177 3334; x_wconf 90' lang='lat' dir='ltr'><strong>quales</strong></span> 
     </span>
     <span class='ocr_line' id='line_1_32' title="bbox 166 3335 1176 3407; baseline -0.002 -15"><span class='ocrx_word' id='word_1_233' title='bbox 166 3347 201 3392; x_wconf 70' lang='grc' dir='ltr'><strong>Β·</strong></span> <span class='ocrx_word' id='word_1_234' title='bbox 264 3342 408 3407; x_wconf 77' lang='lat' dir='ltr'><strong>opeteres</strong></span> <span class='ocrx_word' id='word_1_235' title='bbox 427 3338 541 3407; x_wconf 85' lang='lat' dir='ltr'><strong>nuptias</strong></span> <span class='ocrx_word' id='word_1_236' title='bbox 558 3348 579 3390; x_wconf 79' lang='grc' dir='ltr'><em>ο</em></span> <span class='ocrx_word' id='word_1_237' title='bbox 648 3335 698 3389; x_wconf 90' lang='lat' dir='ltr'><strong>diu</strong></span> <span class='ocrx_word' id='word_1_238' title='bbox 715 3337 885 3406; x_wconf 79' lang='lat' dir='ltr'><strong>peterentB</strong></span> <span class='ocrx_word' id='word_1_239' title='bbox 956 3342 989 3390; x_wconf 93' lang='lat'><strong>10</strong></span> <span class='ocrx_word' id='word_1_240' title='bbox 1007 3335 1100 3405; x_wconf 85' lang='lat' dir='ltr'><strong>inquit</strong></span> <span class='ocrx_word' id='word_1_241' title='bbox 1113 3345 1176 3405; x_wconf 73' lang='lat'><strong>1103</strong></span> 
     </span>
     <span class='ocr_line' id='line_1_33' title="bbox 167 3411 944 3470; baseline -0.005 -6"><span class='ocrx_word' id='word_1_242' title='bbox 167 3426 234 3464; x_wconf 74' lang='lat' dir='ltr'><strong>cour.</strong></span> <span class='ocrx_word' id='word_1_243' title='bbox 250 3411 380 3464; x_wconf 79' lang='lat' dir='ltr'><strong>Pithoeus</strong></span> <span class='ocrx_word' id='word_1_244' title='bbox 452 3416 484 3463; x_wconf 78' lang='lat'><strong>12</strong></span> <span class='ocrx_word' id='word_1_245' title='bbox 503 3418 657 3463; x_wconf 82' lang='lat' dir='ltr'><strong>mancrec</strong></span> <span class='ocrx_word' id='word_1_246' title='bbox 727 3423 820 3462; x_wconf 90' lang='lat' dir='ltr'><strong>amaro</strong></span> <span class='ocrx_word' id='word_1_247' title='bbox 839 3416 944 3470; x_wconf 49' lang='lat' dir='ltr'><strong>Bos</strong></span> 
     </span>
    </p>

    <p class='ocr_par' dir='ltr' id='par_1_9' title="bbox 166 3478 1179 3606">
     <span class='ocr_line' id='line_1_34' title="bbox 257 3478 1179 3535; baseline 0 -2"><span class='ocrx_word' id='word_1_248' title='bbox 257 3485 289 3534; x_wconf 87' lang='grc'><strong>19</strong></span> <span class='ocrx_word' id='word_1_249' title='bbox 309 3482 409 3534; x_wconf 86' lang='lat' dir='ltr'><strong>veneat</strong></span> <span class='ocrx_word' id='word_1_250' title='bbox 429 3493 455 3534; x_wconf 76' lang='lat' dir='ltr'><strong>s:</strong></span> <span class='ocrx_word' id='word_1_251' title='bbox 475 3481 570 3535; x_wconf 84' lang='lat' dir='ltr'><strong>veniat</strong></span> <span class='ocrx_word' id='word_1_252' title='bbox 586 3490 641 3534; x_wconf 74' lang='lat' dir='ltr'><strong>Bc</strong></span> <span class='ocrx_word' id='word_1_253' title='bbox 715 3485 750 3534; x_wconf 79' lang='lat'><strong>23</strong></span> <span class='ocrx_word' id='word_1_254' title='bbox 767 3478 916 3534; x_wconf 77' lang='lat' dir='ltr'><strong>tribunus?</strong></span> <span class='ocrx_word' id='word_1_255' title='bbox 936 3489 957 3532; x_wconf 74' lang='lat' dir='ltr'><strong>o</strong></span> <span class='ocrx_word' id='word_1_256' title='bbox 1031 3484 1064 3532; x_wconf 80' lang='lat'><strong>27</strong></span> <span class='ocrx_word' id='word_1_257' title='bbox 1084 3478 1179 3533; x_wconf 88' lang='lat' dir='ltr'><strong>subito</strong></span> 
     </span>
     <span class='ocr_line' id='line_1_35' title="bbox 166 3553 336 3606; baseline -0.012 0"><span class='ocrx_word' id='word_1_258' title='bbox 166 3569 200 3606; x_wconf 78' lang='lat' dir='ltr'><strong>ecc</strong></span> <span class='ocrx_word' id='word_1_259' title='bbox 218 3553 291 3604; x_wconf 89' lang='lat' dir='ltr'><strong>-tum</strong></span> <span class='ocrx_word' id='word_1_260' title='bbox 308 3560 336 3604; x_wconf 83' lang='lat' dir='ltr'><em>B</em></span> 
     </span>
    </p>
   </div>
   <div class='ocr_carea' id='block_1_7' title="bbox 0 0 1336 3920">
    <p class='ocr_par' dir='ltr' id='par_1_10' title="bbox 0 0 1336 3920">
     <span class='ocr_line' id='line_1_36' title="bbox 0 0 1336 3920; baseline 0 0"><span class='ocrx_word' id='word_1_261' title='bbox 0 0 1336 3920; x_wconf 95' lang='lat' dir='ltr'><strong> </strong></span> 
     </span>
    </p>
   </div>
  </div>
 </body>
</html>
