2664 3920
537 201 731 264 CALPVRNH
748 205 875 262 FLACCI

680 423 721 489 H

536 547 647 616 Natus
669 547 879 632 Aethiopus.

199 679 338 738 Matrona
362 679 460 740 habet.
497 680 675 757 Aethiopem
697 681 820 756 peperit.
859 679 995 757 arguitur
1020 679 1166 739 adulterii.

266 821 379 897 Expers
408 820 512 880 iudicii
547 824 592 881 est
621 839 716 881 amor:
751 840 811 880 aon
840 823 986 880 rationem
1015 821 1118 897 habet,
1151 841 1211 881 non

175 912 374 981 ssanitaterm
401 912 530 984 alioquin
554 929 654 970 omnes
679 911 758 970 idem
785 929 959 969 amaremus
1000 930 1211 988 nonnunquam

200 999 415 1058 incredibiliter
441 1017 575 1076 peecare,
604 1002 681 1058 ratio
710 999 849 1076 peccandi
877 1001 929 1058 est.
977 994 1047 1059 ‘non
1077 994 1211 1075 semper’,

200 1090 303 1161 inquii,
324 1084 446 1147 ‘similes
464 1088 636 1164 parentibus
655 1089 742 1147 liberi
762 1082 943 1148 nascuntur'.
980 1089 1052 1164 quid
1069 1089 1126 1147 tibi
1144 1108 1211 1148 cum

201 1177 260 1236 isto
281 1178 450 1253 patrocinio
473 1179 531 1252 est,
560 1179 621 1236 aiei
641 1181 675 1235 at
696 1182 839 1252 appareat
861 1181 887 1236 te
904 1195 1039 1250 peccasse
1061 1175 1211 1238 securius?
1311 1197 1312 1200 ¹

201 1267 346 1324 miramur
362 1267 439 1326 hanc
456 1267 553 1344 legem
573 1269 786 1340 emanaturas,
804 1269 888 1324 utin
906 1266 1037 1326 sobolem
1057 1268 1211 1326 transeant

161 1375 186 1415 ro
200 1356 326 1431 formae,
358 1373 431 1430 qaas
466 1359 551 1430 quasi
581 1357 740 1429 descriptas
774 1356 885 1431 species
915 1354 1106 1414 custodiunt?
1157 1373 1212 1414 sua

199 1445 305 1520 cuique
332 1446 415 1522 genti
438 1445 529 1504 etiam
555 1445 646 1504 facies
673 1447 781 1504 manet.
826 1443 911 1503 rutili
938 1447 1009 1504 sunt
1035 1443 1212 1504 Germaniae

198 1535 296 1592 celtas
326 1539 352 1592 et
381 1536 462 1605 fleca
490 1535 652 1610 proceritas
681 1533 858 1610 Hispaniae:
890 1551 949 1592 non
979 1533 1081 1594 ecdem
1111 1551 1211 1592 omnes

200 1623 296 1682 colore
314 1624 481 1700 tinguntur.
519 1643 553 1682 ex
572 1624 667 1682 altera
685 1626 771 1699 parte
787 1641 847 1698 qua
865 1640 1008 1682 coerceas
1026 1625 1056 1682 et
1074 1622 1211 1682 deficiens

198 1711 326 1769 mundus
340 1713 471 1769 vicinum
484 1713 580 1770 mittit
598 1714 749 1786 orientem,
768 1713 831 1770 illic
845 1712 983 1770 effirsiora
996 1731 1129 1787 corpora,
1147 1711 1211 1770 illic

160 1819 185 1860 15
200 1800 372 1859 collectiore
384 1802 554 1860 racematur.
591 1801 708 1860 diversa
722 1805 791 1860 sunt
806 1801 979 1860 mortalium
993 1820 1110 1879 genera,
1123 1819 1209 1859 nemo

198 1891 300 1947 tamen
318 1891 363 1948 est
381 1907 434 1948 suo
456 1891 556 1966 generi
572 1889 733 1949 dissimilis.
771 1890 843 1966 quid
861 1887 951 1968 ergo?
969 1891 1078 1973 inquit,
1097 1891 1211 1949 amavit

198 1976 397 2053 Aethiopem?
433 1980 478 2037 est
491 1978 649 2054 interdum,
667 1977 788 2053 iudices,
808 1980 954 2037 malarum
977 1998 1094 2054 quoque
1113 1998 1211 2037 rerum

199 2084 253 2125 sua
278 2069 389 2144 gratia,
413 2069 458 2126 est
486 2067 630 2142 quaedam
657 2062 852 2146 (foedarum)
874 2068 1038 2146 formarum
1062 2068 1210 2143 voluptas.

198 2157 327 2230 miraris,
351 2157 377 2215 si
396 2157 504 2232 aliquis
522 2176 581 2216 non
596 2157 745 2232 sapienter
765 2159 854 2230 amat,
873 2175 940 2214 cum
957 2158 1087 2233 incipere
1110 2174 1213 2214 amare

159 2265 185 2304 ro
199 2264 260 2303 non
288 2247 329 2304 sit
356 2242 520 2320 sapientis?
547 2245 586 2304 da
608 2247 683 2304 mihi
711 2263 797 2306 sanos
825 2246 957 2304 mulieris
983 2245 1096 2304 oculos:
1123 2263 1210 2304 nemo

201 2334 317 2393 adulter
339 2335 485 2394 formosus
513 2337 566 2393 est.
610 2337 761 2409 periturae
786 2333 950 2409 pudicitiae
972 2336 1097 2392 minima
1118 2334 1151 2392 in
1171 2352 1208 2392 eo

200 2426 246 2482 est
272 2422 442 2482 sollicitudo
466 2423 713 2499 quemadmodum
739 2426 849 2498 pereat.
894 2421 1048 2499 proprium
1070 2425 1116 2482 est
1141 2442 1209 2498 pro-

269 2698 442 2768 2Ethiopus
460 2708 524 2766 303
547 2699 683 2768 Aethiops
703 2711 719 2752 a
813 2705 828 2752 3
847 2698 934 2753 habet
957 2715 1007 2754 om.
1026 2707 1081 2752 Bc
1169 2700 1211 2751 et-

198 2786 299 2840 nopcm
317 2779 345 2823 B
415 2770 537 2825 Aiudici
555 2781 578 2823 A
642 2770 849 2824 narrationem
866 2780 889 2822 A
953 2771 1052 2824 oiade
1069 2787 1154 2838 usqae
1172 2771 1210 2824 ad

193 2859 259 2914 pap.
276 2848 302 2910 6,
320 2845 357 2896 23
376 2843 473 2896 litteras
490 2842 632 2897 inclinatis
649 2843 806 2914 sipaifircta
823 2848 889 2896 seat
906 2857 975 2910 quae
992 2843 1024 2895 ia
1041 2851 1064 2893 A
1084 2841 1136 2912 lepa'
1153 2857 1211 2895 aea

193 2956 317 3018 poseant.
384 2948 471 3002 idem:
487 2947 637 3018 quidemn
693 2953 836 3002 caesurus
848 2959 875 3015 c,
884 2965 979 3003 cerac
1045 2929 1209 3018 9sdlgolem

197 3066 220 3109 A
282 3038 405 3110 transed²
412 3064 436 3107 A
505 3059 537 3107 10
557 3054 691 3124 descripti
709 3054 739 3108 in
758 3055 864 3124 species
885 3055 933 3109 Gr.
1004 3052 1213 3108 ursaniae

198 3133 231 3181 12
245 3127 391 3196 hesperiae
404 3135 461 3179 Bc
525 3127 584 3180 onis
597 3136 620 3178 A
687 3131 820 3195 requam
833 3135 887 3180 Bc
953 3130 985 3178 14
999 3125 1100 3179 mittit:
1119 3123 1211 3178 inficit

197 3199 352 3269 Schaltt'ap3
374 3197 477 3252 metuit
499 3198 601 3266 Barth3
626 3196 716 3251 nutrit
739 3199 887 3252 Burmann
1002 3195 1151 3249 offusciora
1170 3205 1210 3248 aa

198 3310 232 3358 15
251 3285 439 3358 colmlltiora
454 3313 488 3371 Β,
507 3321 574 3360 corr.
590 3315 620 3373 υς
640 3303 836 3358 coloratiores
908 3308 941 3356 16
959 3302 1055 3372 generi
1073 3319 1107 3356 eea
1125 3317 1166 3355 -re
1184 3312 1211 3354 A

198 3381 230 3429 17
250 3375 350 3445 inquid
367 3393 442 3444 supr.
461 3385 484 3427 A
597 3376 689 3430 amavi
708 3375 858 3444 ethnopem
875 3383 903 3427 B
1016 3372 1139 3426 iudicem
1156 3381 1214 3428 Bc

198 3453 231 3501 18
250 3463 342 3502 rerum
360 3449 410 3503 del.
433 3448 543 3503 Obrecht
627 3446 773 3502 foedarum
791 3446 854 3500 add.
871 3446 955 3500 Klotz
1042 3443 1209 3497 formarum:

196 3517 330 3573 infamiae
349 3520 390 3573 cel
408 3518 575 3574 deformium
590 3519 639 3575 Gr.
708 3523 740 3573 19
755 3515 827 3571 mira
845 3533 889 3571 res
903 3525 957 3570 Bc
1021 3521 1054 3568 21
1074 3515 1160 3569 estin
1175 3531 1212 3570 eo

196 3599 250 3644 Be*
316 3596 348 3644 22
367 3590 529 3660 prophanae
545 3601 585 3645 ος
