2664 3920
170 179 213 246 28
506 179 701 234 CALPVRNII
718 178 844 233 FLACCI

214 348 294 407 fecit
345 349 423 423 petit
450 350 582 423 praemio
613 347 804 406 abolitionem
837 347 948 406 iudicii.
1000 346 1181 406 contradixit

213 437 307 498 frater
329 439 438 496 orator.

129 596 133 607 “
239 596 493 666 Quemadmodum
510 598 619 655 vixerit
632 598 726 672 pater,
745 600 870 671 apparet
887 598 920 654 in
937 595 1046 655 liberis.
1083 596 1179 672 pubii-

172 705 224 746 cae
247 687 390 745 utilitatis
416 688 461 744 est
483 687 616 744 omnium
638 704 755 745 reorum
777 685 903 744 iudicari
929 704 1045 760 causas,
1068 704 1105 743 ne
1127 688 1181 744 aut

145 793 281 834 enocens
314 774 422 834 evadat
451 793 577 849 poenam
605 776 658 832 cut
684 776 823 832 innocens
855 776 990 848 patiatur
1015 774 1181 832 infamiam.

173 865 270 942 gloria
300 865 445 939 quantum
475 862 559 922 nobis
587 862 707 921 honoris
736 864 883 936 attulerit,
913 864 1031 922 tantum
1060 863 1181 922 virtutis

172 954 311 1028 exposcit
357 953 558 1012 innocentiam
591 953 686 1026 patris
721 950 791 1010 dum
822 951 949 1010 liberare
978 952 1108 1027 quaeris,
1135 953 1179 1010 in·

172 1042 275 1100 famas.
317 1041 431 1098 homini
452 1040 616 1099 verecundo
639 1042 671 1097 in
694 1040 837 1099 eiusmodi
860 1043 981 1100 crimine
1003 1041 1091 1118 longe
1113 1059 1182 1118 gia-

172 1132 238 1188 vior
261 1132 306 1188 est
328 1131 409 1187 fama
437 1148 527 1204 quam
556 1147 659 1204 poena.
705 1132 803 1202 vetus,
832 1130 956 1204 iudices,
986 1129 1098 1189 dictum
1127 1132 1181 1202 est,

132 1239 158 1278 ιο
172 1220 207 1277 ut
230 1238 335 1277 aurum
357 1220 430 1296 igni,
452 1218 557 1276 itidem
580 1217 779 1276 innocentiam
797 1218 905 1277 iudicio
929 1221 1057 1293 spectari
1079 1219 1179 1277 solere.

171 1308 278 1367 melius
302 1311 355 1381 est,
377 1307 459 1382 patri
481 1308 628 1365 virtutum
650 1309 771 1364 tuarum
794 1310 968 1384 argumento
991 1310 1021 1366 te
1043 1307 1180 1382 prodesse
1231 1335 1238 1350 ·

172 1417 262 1473 quam
284 1398 424 1472 praemio.

120 1557 158 1611 32
589 1546 769 1615 XXXIII.

389 1689 538 1756 Amator
562 1690 766 1756 meretricis
788 1689 961 1758 dominae.

134 1861 160 1902 15
174 1839 315 1898 Meretrix
329 1857 446 1897 servum
460 1857 546 1897 suum
561 1841 710 1897 amantem
724 1857 754 1898 se
768 1840 800 1896 in
815 1859 929 1898 crucem
944 1841 1014 1918 agit.
1046 1839 1182 1914 appellat

218 1927 353 1987 tribunos
376 1927 427 1986 iile
450 1927 486 1985 de
508 1929 620 1986 iniusto
644 1928 795 2002 supplicio.

238 2089 332 2146 Miror
350 2087 470 2163 quidem
493 2107 511 2145 a
533 2087 656 2146 midiere
674 2089 737 2145 tam
760 2089 837 2145 comi
855 2090 948 2147 crucis
969 2107 1075 2148 nomen
1098 2089 1183 2147 audi·

171 2180 237 2236 tum
260 2196 337 2254 quae
359 2177 475 2235 nullum
499 2195 644 2251 unquam,
667 2177 725 2234 nisi
748 2193 847 2234 amore
870 2178 1052 2236 cruciaverit.
1099 2195 1183 2236 amor

173 2269 266 2326 animi
294 2267 443 2342 peculiare
474 2268 618 2325 secretum
648 2267 700 2323 est.
745 2263 910 2324 Accusatur
940 2284 958 2324 a
984 2266 1068 2324 nobis
1098 2285 1183 2324 amor

132 2378 159 2416 ao
173 2359 204 2415 et
225 2357 313 2415 homo
337 2357 390 2430 qui
408 2354 496 2413 deum
517 2356 651 2413 nostrum
671 2351 807 2428 patitur?
852 2357 928 2414 esset
949 2374 1048 2412 meum
1071 2357 1182 2414 crimen

174 2447 339 2519 antenor,
363 2446 389 2503 si
411 2446 441 2502 te
465 2444 544 2502 solus
568 2443 757 2502 adamassem.

118 2694 158 2749 ce
473 2637 474 2642 t
592 2681 760 2750 XXXIV.

367 2825 520 2909 Raptam
542 2825 646 2908 pater
667 2823 822 2892 vinculis
844 2825 980 2893 tenens.

171 2975 280 3034 Ram
302 2992 452 3034 rannerus
466 2970 637 3055 <noarnu>
655 2992 715 3034 avr
738 2991 911 3034 macrinus
929 2991 1058 3034 uvrrms
1072 2992 1179 3035 carun.

131 3087 158 3128 ac
216 3067 335 3141 raptam
357 3067 444 3140 pater
472 3065 598 3124 vinculis
626 3065 770 3140 continet,
799 3067 903 3140 raptor
932 3064 1001 3123 duci
1026 3064 1063 3122 ad
1085 3067 1180 3142 magi·

216 3155 327 3213 stratus
351 3153 506 3214 desiderat.

262 3346 295 3395 10
314 3340 344 3393 id
362 3340 438 3393 idem
458 3350 488 3406 ος
507 3338 606 3393 idicem
624 3348 652 3391 B

262 3419 294 3466 15
315 3411 428 3465 aith
498 3416 531 3464 18
550 3425 693 3478 nunquam
713 3420 734 3463 c
804 3415 837 3464 19
856 3410 969 3465 vobisc

262 3484 432 3538 camertem
450 3483 546 3536 adds
630 3481 779 3535 indonatus
798 3490 862 3550 ³03
881 3493 980 3537 corae
1062 3488 1096 3536 25
1116 3498 1181 3536 con·

171 3555 244 3610 tinet
265 3566 295 3609 c:
314 3557 393 3609 tonat
411 3563 438 3606 Β
507 3556 605 3623 raptor
622 3570 656 3608 ec
672 3553 779 3622 raptori
797 3563 851 3606 Bc
