2664 3920
575 147 724 202 Praefatio.
1079 147 1157 202 XVII

211 317 325 393 Restat,
344 320 379 376 ut
393 336 570 394 quaeramus
588 320 655 376 uter
673 336 708 374 ex
722 315 871 376 codicibus
885 312 922 375 B
936 318 966 374 et
987 313 1016 377 0
1032 336 1158 392 quornm

145 425 235 480 quam
266 407 373 466 similis
405 407 481 466 alter
513 407 636 465 alterius
668 407 721 480 sit,
757 405 952 483 intellegendi
983 405 1158 466 facultatem

144 497 289 571 optimam
303 496 415 554 indices
435 496 583 572 propositi
600 494 809 572 praebuerunt,
829 494 914 552 alteri
936 494 1157 570 anteponendus

144 584 192 643 sit.
235 585 317 645 ouius
330 585 374 644 rei
388 585 486 644 facilis
501 588 531 643 et
550 586 690 662 prompta
707 585 860 660 responsio
880 584 932 658 est,
951 603 1022 642 nam
1036 583 1158 642 dubium

147 691 209 732 esse
227 675 341 749 nequit
361 673 433 749 quin
452 671 481 735 0
496 675 627 750 priorem
644 675 746 732 teneat
763 673 874 747 locum3
898 674 933 732 of.
954 692 1030 748 quae
1048 671 1160 732 Fleiter

144 763 203 821 11.
228 765 363 840 exposuit
386 783 414 838 p.
436 764 550 839 16sqq.
574 762 624 823 sed
652 782 689 821 ne
715 762 796 820 nitar
824 761 1006 839 argumentis
1034 781 1069 820 ex
1093 760 1158 820 on-

144 851 251 928 pmnio
270 871 330 910 non
349 852 541 928 depromptis,
563 852 776 927 discrepantias
795 851 931 910 lectionis
953 852 992 909 15
1013 851 1158 909 declama-

141 942 258 1000 tionum
287 943 421 1018 priorum
450 942 568 1018 profero
599 940 715 1001 omissis
745 940 881 999 minutiis
911 939 1157 1018 orthographicis.

141 1030 257 1089 videbis
281 1031 361 1089 enim
383 1032 544 1089 maximam
561 1033 678 1107 partem
700 1031 844 1089 vitiorum
866 1030 898 1088 in
922 1027 951 1091 C
970 1029 1093 1088 librario
1114 1029 1158 1088 la-

66 1171 69 1177 ,
140 1119 364 1196 tinae'linguae
383 1121 481 1178 minus
500 1138 594 1197 gnaro
613 1118 713 1178 deberi
732 1119 783 1194 qui
801 1118 880 1178 male
903 1119 1059 1195 descripsit
1082 1136 1158 1194 quae

142 1210 268 1283 invenit,
291 1212 395 1268 contra
417 1210 449 1266 in
472 1205 509 1268 B
530 1209 627 1266 multa
647 1211 742 1267 inesse
767 1207 874 1283 quibus
898 1209 1013 1266 textum
1034 1208 1159 1267 levitate

142 1297 298 1356 scribentis
322 1297 517 1373 depravatum
540 1316 603 1357 esse
626 1316 686 1356 non
708 1296 839 1374 negabis.

206 1385 412 1445 Praestantior
434 1388 529 1464 igitur
552 1386 643 1446 codex
667 1388 711 1445 est
735 1383 830 1447 Chis
852 1385 938 1445 locis:

369 1544 397 1608 0
897 1543 934 1606 B

140 1670 169 1727 p.
204 1653 265 1727 1,7
287 1671 363 1729 quae
435 1710 437 1714 ,
676 1653 822 1729 quaedam
845 1672 922 1729 quae

140 1784 157 1814 „
205 1741 389 1814 1‚81iberis
676 1743 770 1802 libens

45 1861 47 1864 ·
139 1873 157 1903 „
205 1832 267 1903 1,9
288 1829 322 1888 at
343 1850 411 1889 eum
676 1834 708 1890 at
731 1851 798 1891 oum

139 1961 156 1993 ,,
204 1920 266 1993 2,3
287 1918 465 1994 Aethiopem
676 1923 814 1997 etnopem

138 2051 156 2090 ,,
201 2010 231 2084 2,
248 2009 266 2066 5
285 2007 364 2067 idem
675 2010 795 2084 quidem

137 2141 155 2172 ,,
203 2099 287 2171 2,17
308 2099 422 2157 amavit
444 2097 604 2174 Ethiopem
675 2100 775 2158 amavi
797 2099 955 2174 ethnopem

138 2230 156 2261 ‚,
201 2188 231 2263 6,
246 2188 285 2244 21
306 2190 395 2262 putas
674 2190 749 2263 puta

136 2319 153 2349 ,‚
201 2276 264 2349 7,5
283 2277 441 2336 minitatur
673 2276 806 2335 minatur

137 2408 154 2438 „
202 2366 231 2439 7,
247 2366 288 2423 10
306 2367 367 2424 ista
672 2383 727 2440 pen.

137 2497 154 2527 ‚,
201 2455 230 2528 7,
246 2456 286 2513 27
306 2455 350 2513 sio
675 2456 700 2513 si

137 2587 154 2616 „
200 2544 230 2618 8,
245 2544 286 2602 25
306 2561 366 2602 non
390 2546 435 2603 est
674 2561 727 2602 orn.

138 2674 154 2704 ‚,
180 2634 286 2706 10,19
307 2637 388 2692 orret
675 2636 705 2691 et
726 2633 828 2690 horret

139 2763 156 2794 ,,
180 2723 231 2795 10,
247 2723 286 2778 21
306 2721 386 2780 filius
673 2721 769 2779 filium

138 2809 407 2883 „11,6fletuum
749 2812 754 2823 '

138 2941 155 2971 ‚‚
180 2900 287 2972 11,14
307 2891 400 2979 tam¹)

138 3032 155 3062 „
180 2988 230 3061 12,
247 2988 286 3045 16
306 2987 400 3045 frater

136 3121 153 3151 „
179 3077 286 3151 12,19
305 3077 474 3151 pervenerit
671 3078 860 3153 pervenerint

137 3209 153 3238 „
179 3165 439 3239 14‚18·a1iquam
476 3165 596 3241 deprae-

306 3255 394 3314 cessit

673 3209 834 3286 aliquando
856 3199 1027 3286 processitff)

209 3443 235 3510 1)
253 3440 328 3512 Lege
346 3443 404 3495 iam
423 3457 486 3495 cum
504 3439 636 3508 Pithoeo;
656 3441 705 3495 sed
725 3442 838 3495 veerte
856 3438 960 3494 rectius
980 3455 1065 3507 quam
1083 3447 1117 3492 B.

208 3514 235 3582 2)
254 3512 378 3581 Uterque
396 3511 470 3567 liber
486 3513 557 3568 recti
577 3511 688 3580 aliquid
706 3511 834 3566 servavit.

951 3597 989 3649 b*
