2664 3920
193 149 258 205 XIV
623 150 772 206 Praefatio.

193 339 228 380 ex
247 322 395 379 communi
417 320 499 379 fonte
517 319 643 379 fluxisse.
680 339 750 378 nam
772 321 934 396 permirum
956 323 1040 395 esset,
1064 322 1090 380 si
1112 323 1205 380 inter-

192 409 312 486 polator
329 429 388 468 non
407 408 495 468 modo
517 408 672 468 diuinatus.
692 410 770 468 esset
786 410 842 468 hoo
865 410 929 468 loco
952 410 1090 470 lacunam
1112 410 1205 486 hiare,

193 498 245 558 sed
279 500 370 557 etiam
404 499 533 576 genuina
563 497 667 572 verba,
698 497 731 556 id
764 498 842 573 quod
876 517 912 558 ex
939 496 969 560 G
994 501 1092 574 patet,
1125 499 1206 558 felici

161 601 163 608 ’
193 588 362 646 coniectura
389 590 539 646 assecutus
567 588 651 646 esset.
693 605 788 662 neque
818 587 906 646 aliter
932 587 968 646 de
993 589 1033 648 13
1053 581 1120 668 (13,
1140 580 1205 669 21),

193 676 245 735 ubi
267 677 299 734 in
321 673 358 736 Β
379 675 487 734 desunt
514 675 616 734 verba:
649 675 775 734 desecet
795 694 847 736 acc
873 694 1014 736 aeneadae
1044 679 1075 738 02
1104 678 1139 736 de
1165 678 1204 736 18

193 757 260 846 (17,
280 756 352 845 22),
379 765 431 823 ubi
459 764 538 823 idem
562 765 682 842 omisit:
714 766 889 839 et-lnqemra
916 765 1107 826 iudicandum
1141 768 1205 826 erit.

193 853 319 928 accedit,
349 853 429 928 quod
451 853 474 913 b
496 873 555 912 non
578 871 679 914 omnes
701 853 859 914 Beruensis
886 855 1028 914 lectiones
1050 855 1207 916 transtulit

192 943 357 1019 repudiatis
381 944 423 1002 eia
447 961 524 1018 qnae
546 943 644 1002 minue
669 943 835 1019 placebant.
872 947 983 1018 contra,
1005 945 1031 1002 si
1049 944 1206 1004 Bernensis

194 1051 229 1090 ex
251 1029 288 1092 Β
308 1033 504 1107 transcriptus
528 1033 620 1105 esset,
650 1033 723 1091 satis
746 1032 857 1092 mirum
884 1036 972 1108 01102,
1003 1033 1083 1110 quod
1105 1052 1205 1092 omnes

193 1123 387 1194 correcturae,
406 1120 510 1180 ubiubi
524 1119 546 1180 b
560 1121 695 1194 correxit
714 1141 866 1196 nunquam
880 1122 973 1198 ipsius
987 1122 1097 1182 codicis
1116 1123 1206 1197 scrip·

186 1212 277 1269 ‘turae
308 1209 453 1269 admissae
483 1212 565 1283 sunt,
595 1211 626 1268 et
655 1210 789 1285 quaestio
811 1213 957 1286 oreretur,
987 1211 1064 1270 uude
1093 1213 1206 1287 petitae

193 1302 290 1358 essent
311 1300 425 1359 multae
444 1300 526 1358 illius
548 1297 689 1358 lectiones
710 1298 843 1358 diversae
867 1318 885 1358 a
903 1297 946 1360 Β.
970 1317 1040 1358 nam
1062 1319 1109 1358 res
1133 1300 1205 1360 satis

192 1387 323 1448 difficilis
347 1389 387 1448 sit
405 1389 507 1448 eodem
524 1389 657 1464 tempore
676 1390 707 1446 et
730 1407 805 1464 quae
823 1408 859 1447 ex
877 1389 937 1448 alio
959 1389 1058 1448 codice
1075 1390 1207 1465 petieris,

192 1480 223 1536 et
245 1497 321 1553 quae
344 1479 407 1554 ipse
435 1479 663 1554 excogitaveris,
688 1478 836 1553 scriptura
866 1479 1007 1537 continua
1036 1480 1068 1536 iu
1090 1479 1205 1540 textum

192 1567 328 1627 inserere.
375 1586 410 1625 ax
432 1566 575 1626 Bernensi
597 1565 620 1625 b
642 1568 733 1626 etiam
761 1567 947 1643 deprompsit
972 1567 1052 1642 quod
1074 1569 1105 1626 in
1128 1585 1205 1626 mar-
1309 1585 1310 1604 1

193 1656 415 1732 311101102οή2,
441 1674 496 1730 pro
520 1674 579 1730 quo
607 1657 638 1713 et
663 1657 696 1714 in
719 1675 806 1731 quem
833 1655 1063 1716 declamationes
1085 1655 1207 1714 habitae

193 1745 261 1803 sint.
305 1762 412 1803 manus
435 1743 530 1804 altera
555 1762 625 1820 ergo
644 1744 752 1803 codicis
774 1742 811 1805 Β
834 1745 953 1805 omnino
977 1744 1130 1804 abicienda
1153 1747 1204 1802 est

259 1831 360 1908 Atque
383 1852 420 1891 ne
442 1833 549 1911 longus
575 1834 644 1906 sim,
673 1833 734 1890 iam
758 1833 883 1892 alteram
913 1833 1041 1892 adiciam
1063 1832 1206 1907 tabulam,

193 1920 271 1979 unde
289 1921 447 1981 manifesto
465 1922 653 1998 intelligatur
670 1923 749 1979 recte
767 1921 933 1981 indicatum
952 1941 1014 1981 esse
1033 1922 1069 1981 da
1090 1924 1206 1980 ratione

194 2029 271 2086 quae
289 2013 368 2070 inter
381 2008 425 2084 Β,
439 2009 469 2084 b,
487 2011 667 2070 Beruensem
681 2014 711 2068 et
725 2011 930 2070 Monaceneem
950 2012 1013 2070 316
1033 2010 1205 2070 intercedat.

192 2118 288 2175 neque
313 2119 331 2158 a
352 2101 506 2176 proposito
524 2099 719 2159 illustrandae
743 2098 875 2158 codicum
897 2101 1083 2176 cognationis
1101 2101 1206 2175 putavi

194 2189 325 2248 alienum
344 2208 406 2249 esse
425 2189 467 2248 eis
485 2189 567 2262 10011,
585 2189 638 2247 ubi
655 2207 714 2247 non
737 2207 802 2247 cum
820 2186 857 2249 Β
875 2191 1031 2264 consentit,
1048 2189 1205 2248 lectionem

194 2279 304 2337 codicis
327 2276 356 2340 0
376 2277 526 2338 adnotare.

335 2452 372 2515 Β
647 2455 670 2515 b
781 2455 1204 2512 Bemensieetldonacensie316

194 2564 222 2619 p,
236 2548 264 2618 1,
280 2545 297 2602 6
313 2546 513 2620 proximasse·
797 2545 930 2604 familiae
948 2546 1099 2621 proximae
1114 2544 1205 2602 Bcra.

313 2633 413 2692 miliae
797 2635 949 2710 proximae
972 2633 1104 2693 familiae
1122 2634 1205 2691 Mon.

194 2811 211 2841 ,,
237 2771 264 2840 1,
281 2769 320 2824 12
337 2768 478 2826 occiderit
798 2723 938 2871 300ξὲζῇ
951 2722 1042 2870 Ἠ
1138 2819 1144 2834 .

194 2989 210 3019 „
236 2947 263 3019 2,
280 2947 297 3003 2
313 2945 459 3021 Ethiopus
508 2951 510 2956 ·
797 2899 942 2976 Aethiops
964 2900 1056 2958 Bcrn.
1127 2928 1139 2944 .

796 3077 974 3154 ponentibus
996 3078 1086 3137 Bcrn.

194 3168 211 3198 e
237 3125 298 3197 2²7
318 3123 491 3198 I'ffinffibuS
796 3167 970 3242 parentibus
993 3168 1075 3226 Mora.

796 2988 1162 3065 Aethiopus(ua'orao.)M
1200 3034 1205 3044 .
1305 3045 1306 3052 a

193 3376 252 3440 tur;
270 3390 371 3443 nempe
386 3373 510 3428 studium
528 3374 558 3426 in
573 3390 605 3428 eo
625 3372 792 3427 collocatum
807 3374 857 3438 est,
876 3373 909 3426 ut
925 3372 1019 3426 omnia
1038 3373 1101 3425 usui
1120 3374 1204 3438 atque
1304 3409 1305 3420 ,

195 3445 388 3500 commoditati
411 3444 566 3514 legentium
589 3461 674 3514 quam
692 3444 814 3499 maxime
833 3444 1008 3512 aptarentur,
1032 3460 1102 3498 neve
1120 3441 1204 3511 paulo

194 3516 359 3571 insolentius
379 3517 456 3572 dicta
474 3515 620 3572 offensioni
639 3517 739 3572 esseut.
