2664 3920
195 213 238 276 20
531 212 724 266 CALPVltNlI
742 211 867 272 FLAOGI

238 383 378 458 praemio.
423 381 477 440 illa
498 383 631 459 privigni
648 383 768 457 nuptias
789 383 873 456 petit.
919 381 1109 454 contendunt,
1133 382 1199 456 quis

239 471 430 544 contradicat,
453 473 578 530 maritus
603 490 641 529 an
662 472 826 548 privignus.

262 629 335 688 Cum
359 650 410 690 suo
438 633 561 705 parente
588 631 752 704 contendit,
782 634 816 688 ut
838 631 913 688 mihi
939 630 1076 688 videatur
1097 630 1203 688 melior

99 728 106 742 ⁹
196 721 290 778 adhuc
316 721 470 797 privignus
494 738 556 780 esse
584 739 673 795 quam
700 719 786 780 filius.
833 720 931 794 coepit
958 721 988 777 et
1014 719 1062 777 hic
1089 719 1202 777 mesic

169 809 301 870 shabere
329 808 492 883 despectui,
522 812 556 866 ut
587 810 639 883 qui
665 827 808 868 novercae
835 807 1008 866 beneficium
1036 826 1066 866 se
1089 807 1202 866 dedisse

194 899 332 970 laetatur,
351 916 370 955 a
386 915 433 954 me
452 915 505 955 nec
524 899 655 972 accipere
674 897 819 976 dignetur.
860 916 915 974 ego
933 898 1046 972 primus
1065 898 1097 954 in
1115 896 1202 954 domo

194 1005 268 1058 mea,
291 985 395 1058 fateor,
418 987 524 1059 erravi,
548 987 600 1061 qui
617 1005 738 1044 uxorem
756 986 827 1044 duxi
845 1005 939 1059 senex,
962 1004 1030 1043 cum
1047 987 1109 1043 iam
1127 988 1203 1044 esset

193 1077 226 1133 in
249 1074 334 1132 domo
357 1073 449 1147 filius,
477 1077 507 1132 et
530 1075 648 1149 quidem
674 1076 797 1158 iuvenis.
844 1075 914 1133 dum
940 1076 1067 1132 nimium
1089 1072 1202 1133 confido

194 1164 310 1239 pietati,
329 1165 428 1222 oculos
441 1164 574 1222 mulieris
592 1165 718 1224 incestos
733 1167 763 1222 et
781 1164 904 1222 infanda
922 1163 1067 1223 desideria
1081 1164 1202 1221 nutrivi.

156 1274 181 1313 rc
194 1271 337 1311 novercae
359 1253 491 1327 praemio
511 1254 607 1326 cessit,
630 1272 696 1312 cum
714 1253 836 1311 haberet
858 1255 890 1311 in
913 1253 1000 1310 domo
1020 1254 1137 1327 patrem
1155 1253 1204 1310 cui

194 1360 280 1400 nemo
307 1342 470 1416 praeferret
495 1343 531 1400 'in
557 1343 614 1400 tali
635 1343 746 1401 honore
771 1342 819 1400 vel
845 1343 979 1400 matrem.
1024 1360 1085 1398 non
1111 1342 1204 1415 privi-

195 1451 286 1509 gnum
309 1432 378 1488 ante
400 1428 581 1505 temptavit?
625 1432 700 1506 quis,
723 1449 803 1510 rogo,
826 1431 939 1490 fructus
963 1431 1020 1503 est,
1042 1431 1203 1506 impetrare

195 1521 314 1595 nuptias
337 1519 465 1578 hominis
487 1517 598 1580 inviti?
641 1522 708 1578 uter
730 1521 864 1579 nostrum
887 1518 970 1578 vobis
996 1521 1078 1578 actor
1101 1519 1204 1578 utilior

194 1609 344 1666 videretur
367 1610 398 1666 et
419 1609 525 1681 verior,
548 1610 673 1668 maritus
694 1627 733 1668 an
751 1606 886 1668 caelebs?
908 1607 987 1667 filius
1011 1608 1141 1666 familias
1166 1626 1205 1666 an

155 1717 180 1757 15
194 1694 300 1771 pater?
323 1697 420 1755 senior
439 1715 478 1754 an
495 1696 632 1756 iuvenis?
655 1700 707 1772 qui
725 1698 899 1773 repudiatur
917 1715 956 1755 an
978 1698 1030 1772 qui
1047 1697 1203 1772 praeponi-

194 1783 265 1844 tur?
295 1786 347 1859 qui
372 1784 546 1844 beneficium
568 1786 650 1844 dedit
673 1805 712 1844 an
740 1788 792 1862 qui
815 1788 929 1862 accepit
951 1783 1114 1844 iniuriam?
1136 1802 1203 1844 mea

195 1892 268 1932 uxor
291 1872 456 1947 abducitur,
478 1877 512 1932 tn
537 1875 602 1949 quis
626 1873 677 1934 es?
698 1894 797 1934 meum
822 1876 918 1935 cubile
937 1875 1089 1947 deseritur,
1113 1874 1151 1932 ad
1173 1875 1204 1932 te

196 1963 279 2021 dolor
296 1964 353 2022 iste
372 1962 444 2037 quid
457 1961 607 2037 pertinet?
644 1958 731 2042 ‘ego’‚
749 1966 857 2039 inquit,
877 1959 1020 2039 ‘praemio
1039 1959 1132 2022 cessi’.
1169 1965 1205 2022 tu

196 2070 265 2130 ergo
279 2071 339 2110 nen
352 2053 436 2126 potes
449 2070 587 2110 revocare
602 2053 681 2128 qued
694 2052 817 2127 dederis,
832 2072 955 2127 eamque
964 2071 1102 2112 revocare
1114 2070 1205 2126 quam
1316 2115 1317 2120 η

156 2162 182 2200 ac
195 2142 285 2216 paulo
310 2143 378 2199 ante
400 2141 576 2200 laudaveris.
623 2143 785 2200 cavendum
807 2141 864 2200 tibi
887 2145 944 2215 est,
974 2161 1023 2214 ne,
1051 2143 1077 2200 si
1099 2141 1205 2216 victus,

195 2233 230 2289 ut
252 2232 321 2289 sunt
338 2230 516 2288 iudiciorum
533 2232 654 2304 incerta,
673 2231 848 2305 discesseris
871 2231 977 2290 dicaris
1000 2230 1110 2289 iudicio
1134 2248 1206 2304 quo-

197 2337 253 2393 que
276 2320 317 2378 sic
340 2321 459 2378 cessisse
483 2321 568 2396 quasi
591 2321 731 2395 praemio.
778 2322 819 2379 sic
842 2322 887 2380 est
913 2321 1016 2378 livoris
1038 2320 1204 2397 ingenium:

196 2409 296 2466 omnia
314 2410 500 2483 suspicantur
519 2410 571 2484 qui
583 2409 659 2466 nihil
678 2409 809 2468 audiunt.
847 2410 899 2468 des
916 2410 1031 2468 amanti
1049 2408 1205 2467 solacium:

197 2496 282 2555 affers
304 2498 336 2554 in
360 2515 458 2556 amore
481 2497 528 2555 vel
550 2499 688 2576 iurgium.

157 2729 182 2770 se
627 2701 771 2770 XXHI.

475 2844 693 2926 Peregrinus
717 2846 926 2912 cruciarius.

198 2992 367 3052 Gmunrau
390 3011 580 3053 rannemuvs
607 3011 761 3053 verumne
787 3011 915 3053 munau.
960 3011 1072 3052 menan
1094 3012 1126 3051 ru
1148 3009 1205 3051 un·

241 3098 348 3142 narnus
371 3099 547 3142 nnvurmun
574 3099 740 3142 vmn1cnnn
768 3101 807 3142 nr
833 3102 875 3140 nn
902 3100 1022 3144 nuvsuc
1047 3099 1205 3142 svernrmo

241 3187 390 3230 ramvuos
413 3189 599 3230 uernnnnnn.
646 3174 697 3248 qui
724 3172 881 3232 videbatur
903 3172 939 3230 de
967 3171 1079 3232 civibus
1106 3173 1206 3244 natus,

157 3282 183 3321 ao
242 3279 308 3319 cum
331 3259 451 3320 absente
473 3262 559 3335 patre
582 3280 647 3319 eam
670 3280 746 3336 quae
764 3263 859 3320 mater
881 3261 1045 3334 videbatur,
1067 3263 1100 3320 in
1123 3261 1207 3320 adul-

286 3453 318 3500 12
338 3449 459 3502 tentaret
476 3456 504 3500 B
629 3455 660 3501 13
679 3450 805 3501 nostrum
822 3449 932 3516 scripsi:
951 3463 997 3501 vce
1016 3449 1065 3517 (ac
1083 3445 1156 3501 noe?
1177 3450 1206 3514 ο)

197 3528 251 3572 Bc
319 3518 602 3588 nebiew3ccrr.e
674 3526 707 3574 14
727 3519 818 3589 celeps
840 3530 861 3572 ο
931 3526 963 3572 19
983 3534 1065 3587 quem
1086 3529 1107 3571 ο

286 3595 318 3642 27
338 3589 479 3660 peregrini
497 3600 551 3646 Bc
618 3592 712 3645 veniat
733 3602 758 3659 v,
777 3609 845 3647 cerr.
860 3611 876 3642 e
