2664 3920
136 107 141 142 1

422 165 727 244 DECLAMATIONES
745 167 779 236 X,
797 167 842 220 XI.
1095 167 1133 232 11

105 375 109 382 -
122 338 265 396 scelerate
283 337 422 410 viderem,
441 355 500 396 non
519 339 617 411 recepi
631 337 740 409 oculos,
755 336 806 395 sed
822 335 942 411 perdidi
954 337 1135 395 caecitatem.

121 426 186 485 vidi
204 427 293 486 miser
314 427 445 501 primum
469 425 548 501 quod
568 426 708 484 ultimum
731 425 872 484 videram.
917 423 1065 500 pendebat
1088 444 1135 483 ex-

121 517 246 589 tinctus,
277 517 306 574 et
329 516 485 574 contentus
512 515 636 590 laqueus
659 513 857 574 adulescentis
885 514 962 572 colla
983 503 1135 606 temnebat.

123 605 298 680 pronefas!
339 605 412 663 haec
434 606 467 663 in
489 603 584 662 filium
612 623 679 662 cum
702 603 795 663 oculis
822 605 895 662 meis
921 606 1072 662 venerant.
1118 621 1136 662 0

123 710 214 769 quam
235 695 351 770 putasti
373 711 427 753 nec
446 694 588 752 maritum
609 711 697 768 posse
716 693 827 752 sanari!
869 695 930 750 iam
950 694 1067 767 tempus
1091 694 1163 753 ests

121 783 253 856 fletuum,
276 784 367 841 imme
390 784 452 840 iam
474 785 591 858 tempus
614 784 659 842 est
682 783 842 841 caecitatis.

592 985 659 1056 XI.

445 1111 615 1179 Damnati
638 1113 808 1195 adoptivi.

121 1243 240 1320 Pauper
263 1247 293 1302 et
312 1244 393 1303 dives
416 1246 538 1304 inimici.
580 1246 706 1320 pauperi
727 1246 788 1302 tres
809 1244 873 1302 filii.
915 1243 1044 1319 quodam
1062 1245 1136 1302 tem·

165 1353 238 1409 pore
260 1334 319 1392 visi
346 1335 416 1393 sunt
445 1335 541 1392 amici.
587 1335 666 1408 petit
688 1333 770 1392 dives
798 1351 969 1407 apaupers
996 1331 1073 1392 filice
1103 1334 1136 1390 in
1151 1355 1176 1393 1⁰

166 1423 357 1498 adoptionem
384 1425 414 1481 et
442 1425 563 1498 accepit.
605 1441 680 1481 unus
704 1423 736 1479 in
764 1422 911 1480 adulterio
937 1420 1135 1496 deprehensus

167 1513 211 1570 est
230 1513 260 1569 et
278 1512 399 1585 occisus,
419 1513 495 1571 elius
520 1512 676 1570 affectatae
694 1511 863 1586 tyrannidis
881 1529 948 1570 reus
969 1510 1067 1569 factus
1092 1512 1137 1568 est

166 1601 331 1660 damnatus.
379 1602 503 1660 tertium
529 1619 644 1675 pauper
670 1600 787 1675 repetit.
838 1600 920 1658 dives
948 1599 1134 1658 contradicit.

187 1741 272 1801 Nihil
298 1744 360 1801 iam
388 1745 508 1817 praeter
537 1743 634 1802 luctus
664 1761 744 1802 meos
775 1744 896 1821 gravius
927 1761 1017 1818 quam
1047 1742 1135 1818 quod,

120 1832 173 1891 ubi
192 1831 260 1890 odia
278 1833 354 1890 nihil
373 1832 476 1905 fecere,
500 1833 638 1890 videatur
656 1833 789 1892 amicitia
807 1833 874 1907 plus
893 1849 1006 1890 nocere.
1054 1833 1136 1906 quic·
1151 1851 1176 1891 rs

121 1921 196 1996 quid
223 1939 285 1980 esse
314 1921 416 1996 potuit
445 1922 477 1978 in
506 1940 649 1997 paupere,
678 1923 777 1980 totum
804 1921 885 1980 dives
914 1921 1036 1995 accepit.
1083 1921 1137 1995 qui

120 2010 275 2070 sibonum
299 2013 431 2069 animum
449 2011 481 2068 in
505 2011 706 2070 adulescentes
727 2028 807 2069 meos
828 2010 934 2082 tenuit,
953 2009 1030 2068 filies
1050 2009 1137 2068 ambo

120 2087 311 2174 perdidimus.
357 2118 468 2157 novum
496 2100 637 2158 audaciae
661 2119 766 2176 genus:
794 2098 984 2174 tyrannidem
1017 2097 1137 2156 affectat

120 2189 260 2264 pauperis
288 2188 375 2248 filius.
421 2190 538 2247 utinam
566 2191 608 2248 sic
636 2187 732 2246 filium
759 2187 967 2262 perdidissem,
994 2189 1029 2244 ut
1052 2188 1137 2261 queri

121 2277 157 2336 de
180 2277 301 2336 fortuna
323 2277 433 2336 liceret.
481 2277 580 2336 dolere
598 2279 714 2355 integre
736 2295 796 2334 non
819 2277 919 2351 potest
937 2276 989 2351 qui
1011 2277 1136 2353 urgetur
1152 2295 1178 2334 sc

120 2368 218 2424 irasci.
260 2368 320 2426 scio
340 2367 442 2441 quales
465 2368 627 2425 habuerim.
670 2368 700 2424 et
722 2367 844 2424 inimico
864 2366 894 2422 et
912 2364 1001 2423 diviti
1018 2365 1136 2440 placere

120 2457 290 2532 potuerunt.
333 2455 457 2514 divitiae
482 2457 716 2515 inconstantium
739 2456 915 2512 animorum.
957 2455 989 2511 in
1013 2472 1137 2528 summa,

120 2546 266 2620 pernicies
293 2545 342 2603 vel
364 2544 441 2603 velle
469 2545 506 2602 ad
534 2564 581 2602 me
603 2544 700 2603 redire
722 2544 770 2602 vel
793 2543 880 2602 nolle.
927 2543 953 2600 si
975 2544 1054 2616 vult,
1077 2562 1137 2601 non

121 2633 251 2692 delectat
280 2635 333 2709 qui
364 2635 511 2692 retinetur
542 2635 668 2708 invitus,
699 2635 724 2691 si
751 2652 811 2691 ncn
838 2633 917 2707 vult,
947 2633 1009 2690 iam
1035 2634 1137 2707 timec,

122 2722 201 2798 quod
231 2722 353 2782 divitias
386 2741 485 2781 amare
516 2724 621 2798 coepit.
667 2724 828 2797 permissae
858 2723 997 2781 licentiae
1027 2740 1137 2798 magna
1151 2740 1177 2780 as

121 2813 264 2870 securitas
288 2814 333 2870 est
354 2813 486 2886 potestas
506 2831 572 2870 cum
590 2811 801 2870 moderatione.
843 2811 996 2870 recordare
1016 2812 1136 2885 quantis

122 2902 196 2960 meis
219 2900 394 2958 redemerim
416 2900 512 2976 malis,
536 2918 573 2958 ne
596 2901 691 2959 adhuc
715 2900 882 2958 videremur
904 2901 1027 2958 inimici.

211 3057 226 3104 2
247 3051 400 3106 extinctum
414 3061 498 3118 Βοες
518 3069 585 3107 cerr.
600 3052 731 3107 Pithoeus
795 3057 810 3104 3
829 3051 1005 3119 contemptus
1020 3049 1136 3118 laqueos

121 3122 315 3178 adulescentes
334 3133 357 3176 o
425 3121 539 3176 tfletui
558 3132 585 3176 Β

201 3199 244 3247 ’13
263 3209 387 3263 paupere
400 3194 473 3263 petit
493 3205 519 3260 ο,
539 3209 647 3264 pauper
659 3192 733 3263 petit
746 3202 805 3261 303
824 3191 959 3262 repetite
1025 3197 1059 3244 14
1078 3191 1137 3244 iam

121 3267 264 3322 Pithoeus:
283 3267 343 3318 tam
359 3266 389 3332 οξ
408 3267 503 3320 tamen
517 3275 545 3319 Β
629 3269 662 3318 15
681 3264 841 3318 facereris
934 3269 966 3316 17
987 3262 1136 3317 010801101-

2 3363 4 3372 ·
120 3339 182 3410 siey
259 3338 292 3391 ut
310 3335 382 3390 filios
402 3336 484 3391 ambo
498 3336 703 3406 perdiderimus
717 3337 860 3400 scaettae
947 3339 979 3388 18
1000 3332 1137 3388 audaciae

121 3425 209 3478 genus
225 3421 253 3462 s:
278 3407 377 3462 auditu
396 3423 501 3478 agenus
522 3419 553 3476 03
577 3407 677 3462 auditu
695 3423 810 3476 agemus
829 3416 856 3460 Β
963 3410 995 3458 19
1015 3403 1089 3458 filius
1109 3415 1136 3473 ο,

120 3480 179 3534 filio
198 3501 215 3532 ο
287 3485 321 3534 14
339 3481 451 3533 tenetur
464 3488 492 3532 Β
556 3485 589 3536 17
607 3478 739 3534 redimeri
760 3479 830 3531 inc
899 3474 1055 3530 videremur
1071 3475 1136 3544 (10,-

120 3551 321 3606 redimeremur
339 3561 392 3605 Βο
