2664 3920
410 163 897 222 nnonnunurorvuvru-rrv.
1121 165 1162 230 13

214 334 311 412 Absit,
334 335 515 410 sanctissimi
537 335 662 408 iudices,
685 335 720 392 ut
741 335 819 394 hanc
842 351 894 392 vos
916 333 1005 392 fidem
1027 335 1162 410 tyranni-

147 427 221 486 cidii
238 425 402 484 detrahatis
417 442 508 498 quam
526 425 556 482 et
572 423 702 483 medicus
721 423 941 482 confirmaverit
959 424 990 481 et
1007 424 1162 498 tyrannus.

148 515 321 592 confingunt
338 513 464 572 nocendi
480 513 677 587 voluntatem,
694 515 855 588 postquam
873 511 999 571 sanandi
1016 531 1079 570 rem
1096 531 1162 588 per-

149 605 295 663 diderunt.
341 619 452 678 poenas
476 619 557 660 meas
581 602 651 661 hinc
676 603 820 679 cogitate,
849 603 882 660 in
905 600 1012 676 quibus
1037 619 1092 661 nec
1118 603 1164 659 ira

150 713 204 752 nec
225 695 333 751 natura
355 692 489 751 cessavit.
535 690 700 750 tolerabilis
723 692 769 750 vis
795 691 849 764 est,
871 690 923 748 ubi
950 689 989 748 ad
1009 692 1190 750 consuetu-s

148 783 248 842 dinem
275 781 348 862 mali
375 797 465 840 causa
486 781 671 840 necessitatis
697 781 830 858 emergit.
875 781 1042 855 praemium
1065 797 1164 838 eonse-

147 873 252 948 quitur
280 859 334 945 oui
365 887 453 928 ausus
486 871 531 928 est
561 871 591 928 et
622 868 796 928 confirmare
827 886 926 927 meum
958 876 1108 927 venenum'
1135 870 1165 927 et

148 980 235 1020 suum
257 957 421 1018 remedium
438 958 581 1033 polliceri.
622 959 698 1016 ultio
717 958 838 1033 quidem
855 958 918 1030 illa,
941 975 1001 1016 non
1020 959 1163 1034 quaestio.

148 1052 295 1125 tyrannus
309 1067 456 1106 venenum
469 1041 571 1125 <non>
586 1049 744 1122 quaesivit,
762 1047 813 1106 sed
831 1047 1004 1105 vindicavit.
1042 1066 1059 1105 o
1074 1066 1165 1122 quam

148 1139 238 1198 facile
270 1139 378 1216 gerunt
408 1139 627 1211 persuasiones,
656 1135 886 1211 illecebramque
918 1137 951 1193 in
982 1138 1165 1194 eontrarium
1180 1157 1206 1196 io

149 1227 347 1286 transferunt!
387 1228 422 1284 ut
449 1227 530 1284 virus
559 1225 696 1301 serpebat
722 1227 861 1300 interius,
892 1226 922 1282 et
952 1227 1034 1284 artus
1064 1243 1165 1284 omnes

149 1319 240 1394 longa
261 1333 425 1391 poenarum
448 1315 591 1374 dilatione
614 1313 809 1392 languebant,
838 1311 1012 1372 veneficium
1034 1315 1096 1371 iam
1118 1315 1164 1389 ty·

149 1423 261 1465 rannus
298 1405 473 1482 agnoverat,
511 1405 583 1480 quia
618 1404 782 1462 instantem
817 1403 974 1461 interitum
1010 1402 1164 1461 sentiebat.

150 1485 295 1553 festinans
314 1493 462 1552 medicum
479 1493 645 1570 flagitabat.
687 1492 764 1550 unde
783 1511 929 1550 venenum
946 1493 1010 1550 tam
1032 1493 1167 1550 celeriter

151 1581 359 1660 praeparasti?
400 1583 473 1641 dicis
496 1583 587 1640 forte:
613 1583 710 1640 maior
731 1582 807 1640 mihi
834 1579 925 1639 dandi
947 1582 1054 1639 veneni
1075 1579 1166 1640 fiebat
1181 1602 1206 1642 is

90 1687 92 1697 ¹
152 1674 266 1732 occasio
290 1689 367 1747 quae
395 1690 430 1729 ex
456 1672 551 1745 ipsius
578 1671 733 1730 voluntate
760 1670 906 1729 veniebat.
951 1671 1089 1728 nativum
1111 1671 1167 1730 hoc

152 1779 245 1838 genus
263 1761 353 1818 moris
372 1761 426 1835 est,
443 1761 479 1817 ut
497 1778 532 1816 ex
550 1778 635 1818 sensu
653 1762 753 1835 priore
771 1759 810 1820 ad
828 1761 934 1820 cuncta
952 1761 1069 1818 cautior
1086 1760 1167 1818 solli·

153 1849 255 1909 citudo
280 1847 429 1923 procedat.
475 1867 572 1908 nonne
598 1851 660 1908 iarn
688 1849 768 1925 apud
794 1851 958 1924 tyrannum
982 1850 1092 1929 ,cuncta
1119 1867 1166 1908 su·

152 1940 254 2014 specta
283 1955 423 2012 praesens
457 1937 583 1998 formido
618 1935 766 1998 faciebat?
818 1938 966 1997 medicum
999 1939 1065 1996 tota
1100 1957 1167 1996 aroc

152 2021 373 2105 clamaba<n>t
396 2027 482 2102 quasi
500 2044 553 2104 ego
573 2027 608 2085 de
626 2027 827 2103 tyrannicidio
850 2046 910 2085 non
928 2045 1088 2104 negassem.
1135 2029 1168 2084 in
1182 2049 1209 2088 so

151 2135 220 2177 arce
243 2118 443 2175 enecavimus:
467 2115 597 2175 deseruit
619 2135 673 2176 nec
696 2135 850 2175 venenum.
888 2126 892 2136 ’

609 2339 708 2408 xlv.

361 2461 577 2548 <Abdicatus
599 2465 740 2547 patrem
762 2465 956 2548 liberans.)

153 2587 315 2647 Annlouvs
337 2603 532 2646 FENERATORI
555 2604 692 2648 suaviis.
733 2604 907 2646 ABDIOATVS
936 2605 977 2644 DE
1002 2603 1090 2645 BONIS
1114 2604 1168 2644 PA-

199 2689 308 2735 russis
331 2693 416 2734 NIHIL
438 2693 570 2734 HABEA'I'.
611 2693 809 2735 LIBERTORVM
836 2693 918 2734 BONA
941 2693 983 2732 AD
1006 2693 1168 2734 PATRONOS
1182 2697 1207 2738 25

158 2849 161 2857 ¹
245 2835 468 2905 ityrannicidio
482 2837 626 2908 Schultiap
695 2836 912 2891 aremediumr
978 2837 1134 2906 icogitare
1150 2847 1172 2890 o

155 2913 172 2961 5
191 2907 378 2962 intolerabilis
401 2907 564 2973 Barasasa,
588 2908 675 2974 fotam
698 2908 732 2974 cf.
752 2909 860 2973 Weber,
883 2915 984 2976 quaest.
1009 2909 1084 2976 Oalp.
1100 2925 1129 2976 p.
1150 2912 1169 2962 8

156 2985 171 3032 6
192 2980 376 3047 consequetur
393 2980 524 3034 Pithoeus
658 2985 674 3032 8
693 2978 764 3032 ultio
779 3011 813 3018 —
827 2978 982 3034 vindicavit
1004 2985 1067 3033 aab
1088 2995 1169 3048 prae·

154 3050 242 3104 mium
258 3081 290 3090 -
304 3048 432 3120 polliceri
441 3052 537 3119 posuit
550 3050 693 3121 Sobolticp
760 3051 903 3118 quidam
917 3062 1018 3106 coras
1083 3055 1170 3104 iinon

155 3122 212 3176 add
236 3121 285 3176 Gr.
366 3121 503 3175 indicavit
518 3121 565 3176 Gr.
656 3127 689 3176 10
708 3120 806 3176 faciles
825 3123 975 3176 Baomoao
1055 3122 1168 3190 gerunt:

155 3193 250 3247 errant
271 3193 382 3248 Obrecht
494 3197 525 3246 11
545 3193 718 3247 transferunt
735 3195 779 3247 ut:
803 3191 1010 3247 transferuntm
1030 3200 1061 3258 ος
1080 3194 1170 3245 trans·

155 3263 250 3317 icrunt
268 3273 296 3317 Β
416 3263 557 3333 serpebat:
582 3264 723 3318 scribebat
741 3273 804 3331 1¹03
823 3276 926 3319 coras
1055 3278 1136 3316 arcus
1152 3273 1173 3316 o

157 3341 190 3389 15
209 3333 308 3389 veneni
328 3347 355 3388 s:
374 3335 446 3388 bene
464 3344 518 3389 no
618 3341 652 3388 20
672 3335 813 3390 clamabat
830 3344 894 3401 1303
918 3351 986 3388 corr.
1005 3334 1171 3401 menvzm
1282 3386 1285 3390 .

155 3405 320 3460 inclamavit
337 3405 482 3476 Sabaliiap
553 3413 698 3460 asareem
715 3417 765 3460 Bo
833 3422 897 3460 nec:
917 3420 961 3458 me
979 3404 1094 3460 editores
1326 3445 1327 3464 ,

246 3483 279 3529 23
298 3479 410 3532 titolroa
424 3493 474 3532 om.
490 3486 548 3544 Bc,
568 3479 647 3533 cotos
660 3481 692 3532 ia
710 3479 766 3533 loco
776 3483 930 3546 peroraro
944 3484 971 3528 Β
986 3477 1069 3531 rotro
1083 3477 1170 3531 colore
1326 3475 1327 3522 i

156 3553 182 3601 et
200 3569 216 3600 ο
235 3545 401 3617 Calpurnius
474 3554 509 3600 ai
528 3549 665 3602 adductus
683 3557 738 3602 Bo
806 3547 948 3602 fenerator
967 3557 989 3600 o
1188 3523 1327 3864 Δ
