2664 3920
400 215 401 218 Ν
447 141 753 198 nnnuueneans
771 141 878 196 ru-v.
1148 141 1169 209 5

159 313 245 372 brem
273 315 461 386 recipientem.
513 315 547 371 in
573 313 651 371 hunc
672 315 717 372 rei
745 313 848 370 abiecti
880 311 970 369 rebar
1001 310 1171 368 Tulliereua

158 404 346 478 prospiciunt
369 406 411 477 et,
435 403 572 478 quotiens
594 403 724 461 iacentes
751 401 857 460 ferrati
878 400 972 476 postis
995 399 1103 458 strider
1126 416 1171 457 ee·

160 495 237 560 citat,
261 493 466 550 exanimantur
487 495 512 550 et
533 491 662 550 alienum
684 491 864 566 supplicium
882 488 1062 564 expectando
1087 505 1172 545 suum

161 581 283 641 diseunt
314 584 431 640 ,sonent
456 581 589 653 uerbera,
616 579 696 638 cibus
718 579 920 638 recusantibus
947 594 1055 654 spurca
1081 593 1173 634 mauu

159 671 310 730 carnificis
334 670 487 748 ingeritur.
534 669 616 730 sedet
642 670 754 727 ianitor
775 661 954 727 inexorabili
980 671 1094 743 pectore
1121 667 1199 740 qwie

159 761 257 818 matre
274 759 362 818 fierete
380 761 469 819 sicces
485 762 578 818 terreat
595 758 698 817 ocules.
739 757 864 817 inluvies
883 773 990 832 eorpus
1009 755 1173 831 exasperat,

160 867 282 908 manum
313 851 435 908 catenae
463 851 608 924 premunt.
656 847 727 920 ereid
763 848 808 906 est
838 845 917 922 quod
946 863 991 904 me
1019 847 1066 904 lex
1096 861 1173 903 aureo

159 935 308 997 reservet?
335 939 430 996 nescio
454 936 526 1012 quid
553 937 606 995 eliu
628 934 762 1014 cogitat?
789 937 930 1012 nimirum
955 934 991 993 de
1013 933 1173 1010 parricidio

161 1029 253 1086 etiam
269 1045 335 1086 erra
353 1026 480 1085 ereditur
496 1043 556 1086 rcere
573 1025 676 1101 liquet.
719 1027 840 1083 aestima
858 1023 949 1091 eliud,
971 1022 1041 1096 quid
1058 1023 1174 1100 fugiam

162 1119 214 1192 qui
236 1117 289 1175 hoc
310 1113 454 1192 postulo?
481 1114 553 1190 quid
575 1115 628 1174 hec
656 1115 700 1174 est
722 1113 843 1181 iudices,
872 1114 999 1188 epatre
1016 1111 1173 1185 parricide
1188 1129 1213 1168 rc

160 1223 220 1264 nen
242 1203 362 1264 timeor?
385 1205 496 1275 dicam
520 1199 657 1272 ‘saeuite’,
682 1221 746 1262 cum
768 1200 891 1279 regem?
914 1201 1023 1260 dicam:
1047 1197 1174 1260 ‘misere-

161 1290 256 1363 mini',
281 1312 346 1352 cura
368 1311 513 1352 carcerem
535 1290 656 1370 rogem?

520 1469 622 1528 PARS
645 1467 814 1527 ALTERA.

229 1587 329 1664 Egone
348 1590 493 1648 secretum
510 1587 559 1644 isli
574 1585 760 1644 consacratae
775 1583 850 1642 debe
865 1585 895 1642 et
913 1583 954 1642 ibi
972 1587 997 1642 te
1010 1585 1113 1656 petar
1130 1583 1175 1640 in·

163 1676 256 1750 eludi,
278 1677 329 1734 ubi
351 1695 410 1735 rcere
433 1672 607 1734 erubesces?
630 1673 739 1751 dignus
762 1691 804 1742 cs,
826 1673 990 1749 parricida,
1012 1673 1120 1750 dignus
1144 1687 1173 1730 es
1188 1687 1213 1727 re
1320 1743 1321 1746 Ἴ

163 1763 261 1822 erdere
277 1767 407 1838 patrem,
429 1766 456 1822 si
473 1768 533 1822 tara
553 1767 760 1837 ereberectus,
783 1763 818 1820 ut
840 1762 889 1821 vel
910 1780 1055 1822 carcerem
1077 1761 1172 1818 malis.

164 1853 263 1927 debeo,
276 1855 395 1929 iudices,
415 1852 505 1912 debeo
519 1853 640 1910 tandem
658 1871 744 1930 agere
758 1853 857 1910 mitius
871 1853 965 1927 pater,
980 1853 1006 1909 se'
1025 1855 1085 1908 tam
1103 1867 1173 1924 qra-

162 1945 235 2000 aiter
243 1943 298 2000 sibi
308 1943 465 2001 darmatas
474 1943 619 2000 irascitur.
651 1941 789 2015 mirabar,
804 1943 829 1999 si
844 1943 910 2016 quis
922 1942 1042 1998 tantum
1056 1940 1173 1998 sceleris

162 2031 285 2090 auderet
307 2033 360 2108 qui
383 2033 568 2091 contemnere
588 2049 740 2090 carcerem,
751 2032 859 2107 posset.
896 2030 984 2106 fugit,
1004 2029 1072 2097 odit,
1092 2046 1174 2087 aver-

163 2123 237 2180 tetur
246 2123 276 2180 et
289 2121 381 2180 limen
394 2122 489 2195 patris
499 2122 660 2179 execratur.
688 2121 808 2196 ignoras
817 2119 951 2194 profecto
961 2120 1071 2178 sortem
1078 2119 1172 2194 tuam,
1188 2133 1213 2172 ec
1320 2111 1321 2152 ἶ

163 2212 188 2269 si
210 2211 299 2286 putas
323 2209 405 2267 aliud
427 2209 540 2269 iudices
568 2209 673 2268 debere
699 2210 842 2284 respicere
864 2227 954 2284 quam
985 2206 1064 2282 quod
1086 2206 1172 2265 nolis.

161 2299 238 2358 hane
262 2317 378 2358 crucem
407 2301 523 2374 patere,
552 2299 578 2357 si
605 2298 704 2376 gravis
727 2300 784 2368 est3
808 2297 887 2356 hune
910 2297 1001 2369 diem,
1029 2297 1055 2354 si
1078 2295 1177 2366 edisti,

162 2389 237 2446 vide.
283 2389 360 2446 nihil
382 2389 430 2445 illi
453 2388 593 2446 adversus
616 2388 733 2461 patrem
755 2388 871 2460 liceret,
897 2387 923 2445 si
945 2385 1095 2460 parricida
1117 2402 1177 2442 non

163 2480 246 2537 esset.

651 2557 692 2624 V.
1191 2575 1217 2615 se

616 2679 723 2749 Leno.

164 2804 287 2864 Iuvenes
315 2805 484 2880 frequenter
513 2805 550 2863 ad
578 2805 709 2881 lupanar
735 2803 901 2864 veniebant.
947 2821 1014 2860 cum
1040 2803 1087 2860 his
1110 2802 1177 2859 leno

208 2892 378 2968 frequenter
405 2894 621 2967 denuntiasset,
648 2913 684 2952 ne
708 2893 891 2967 accederent,
914 2892 1032 2950 foveam
1054 2890 1125 2948 feeit
1148 2891 1178 2948 et

254 3033 269 3079 1
288 3025 329 3081 rei
344 3026 461 3082 abiecti:
481 3026 600 3081 coniecti
613 3038 637 3080 A
650 3033 764 3082 laenate
777 3027 890 3081 Pitbeeo
961 3023 1177 3090 Tullianumque

163 3108 198 3165 A;
214 3097 375 3152 Tullianum
389 3099 439 3152 del.
454 3099 593 3154 Dessauer
665 3105 680 3150 2
699 3100 793 3168 postes
807 3107 843 3166 A3
857 3096 946 3166 postis
960 3111 1034 3164 supr.
1050 3103 1088 3160 Βς
1107 3093 1177 3162 petis

165 3181 190 3236 ο,
210 3187 278 3224 corr.
296 3180 316 3224 ο
419 3168 531 3224 excidat
548 3187 622 3239 supr.
636 3179 665 3223 Β
766 3173 783 3221 A
801 3167 1011 3222 verberantibus
1029 3175 1089 3231 Be,
1108 3181 1175 3218 cerr.

162 3251 203 3294 as
296 3241 422 3294 taedet:
442 3239 491 3294 sed
509 3250 532 3292 A
623 3240 793 3294 leatbenae
811 3248 839 3292 Β
927 3237 1023 3292 Sdiu:
1043 3236 1135 3290 adhue
1154 3244 1176 3287 A

163 3311 337 3380 tlinquetur
350 3321 404 3366 Be·
467 3312 615 3366 aestimate
629 3312 735 3366 iudices
751 3309 820 3380 quid
837 3321 860 3363 A
928 3314 962 3362 14
975 3307 1081 3377 patiar:
1095 3308 1177 3376 pater

161 3391 216 3438 Bc·
269 3389 301 3438 15
317 3399 346 3438 es
357 3385 452 3452 prices:
467 3385 510 3438 est
522 3393 576 3437 Bc
634 3390 666 3436 16
681 3399 794 3452 gravem
809 3383 958 3436 Bactriana
1013 3385 1044 3432 19
1060 3378 1176 3433 auderet

163 3467 191 3508 s:
211 3455 323 3509 audiret
340 3464 421 3509 Aac
491 3460 524 3508 22
543 3454 635 3509 lucem
655 3454 703 3510 Gr.
777 3459 810 3507 23
830 3453 866 3506 si:
886 3450 939 3504 etsi
957 3451 1072 3506 editores

252 3531 286 3580 28
306 3527 451 3581 accederet
469 3537 525 3595 Ac,
544 3543 610 3582 cerr.
626 3537 649 3579 A
