2664 3920
379 100 683 199 nuccnunrronus
701 144 785 212 nnn,
804 145 901 213 mnu.
1082 139 1142 210 ’21

180 313 255 371 torio
279 313 489 388 deprehensam
516 316 721 390 insequeretur
744 316 888 387 armatus,
916 315 960 372 ait
982 315 1048 372 illa:
1075 309 1145 372 ‘non

181 421 210 461 es
234 398 336 462 meus’.
377 405 579 478 perseveravit
598 407 628 462 et
645 405 759 464 occidit.
805 405 910 478 postea
931 402 1040 461 iudicio
1063 422 1146 477 pere-

180 493 281 568 grinus
310 493 519 567 pronuntiatus
552 496 668 568 emptus
703 496 747 552 est
776 491 813 550 ab
845 492 1018 551 interfectae
1051 493 1144 567 patre.

180 579 217 638 ab
245 581 346 639 eodem
376 583 476 659 agitur
504 583 536 639 in
565 601 688 640 crucem.
734 600 868 641 reversus
894 600 1016 658 peregre
1045 582 1070 639 is
1095 581 1146 654 qui

179 670 265 743 pater
287 669 456 743 videbatur,
485 671 618 746 appellat
639 671 773 731 tribunos
796 671 832 729 de
854 672 964 729 iniusto
993 669 1172 744 supplicius

201 828 330 887 Vixdum
357 849 491 889 reversus
520 832 553 889 in
579 833 722 906 patriam,
752 833 778 890 si
806 833 907 890 tamen
936 831 1012 888 hanc
1043 830 1145 888 adver-

136 919 207 975 sarii
229 919 277 975 vel
299 921 396 977 me'am
418 921 548 994 patriam
572 939 634 980 esse
657 920 828 994 concedunt,
850 919 1001 995 parebam,
1024 919 1145 993 tribuni,

137 1009 254 1083 cognito
278 1005 333 1065 filii
361 1010 421 1066 mei
451 1027 519 1068 casu
544 1011 695 1085 appellare
722 1028 773 1068 vos
804 1009 839 1067 de
865 1010 976 1068 iniusto
1000 1009 1145 1083 supplicio

136 1097 295 1156 servitutis.
348 1097 399 1155 sed
428 1099 573 1172 quatenus
608 1117 689 1157 socer
718 1100 826 1170 saevit,
859 1100 894 1156 ut
923 1116 976 1155 nec
1006 1115 1146 1174 generum

135 1186 226 1243 vellet
249 1203 406 1262 agnoscere
429 1205 483 1246 nec
506 1189 651 1262 nepotem,
675 1187 726 1245 det
748 1189 778 1245 et
800 1187 874 1244 mihi
892 1187 1011 1244 veniam
1029 1185 1146 1246 doloris.
1161 1205 1186 1244 ro

136 1276 161 1332 si
182 1292 243 1332 non
266 1273 367 1332 desum
390 1274 464 1350 filio,
492 1275 565 1334 bene
589 1276 624 1334 de
651 1294 711 1350 me,
739 1275 812 1334 bene
835 1275 870 1332 de
892 1274 1008 1352 legibus
1031 1276 1147 1348 merito,

136 1382 202 1421 cum
220 1363 284 1436 ipse
298 1363 460 1423 vindictam
475 1366 599 1439 quaerat
613 1367 728 1441 exigere
742 1363 821 1422 filiae
835 1364 883 1421 vel
897 1364 1022 1422 nocenti.
1059 1363 1146 1421 huius

136 1469 189 1527 ego
213 1450 327 1528 legibus
353 1451 446 1510 filiam
470 1453 540 1512 duxi
573 1471 696 1527 eamque
723 1454 936 1530 praegnantem
962 1452 1050 1510 simul
1073 1451 1147 1509 vidi-

134 1558 200 1598 mus
224 1543 254 1598 et
278 1541 356 1599 uteri
379 1541 478 1601 decem
500 1560 614 1600 menses
637 1541 723 1600 ambo
748 1543 967 1600 numeravimus
990 1543 1021 1598 et
1042 1542 1148 1599 natum

135 1647 170 1688 ex
194 1646 229 1686 ea
250 1630 358 1706 pignus
382 1632 555 1705 accepimus.
600 1631 660 1703 sod,
683 1650 749 1689 cum
767 1650 814 1688 me
836 1632 994 1690 necessitas
1016 1631 1146 1708 peregri·
1161 1649 1186 1689 15

135 1719 266 1775 nationis
297 1716 466 1790 abduceret,
496 1719 699 1778 commendavi
728 1737 784 1778 avo
813 1719 907 1778 filium
934 1738 1045 1792 meum,
1075 1720 1146 1778 adu-

135 1805 298 1864 lescentulo
320 1809 466 1882 praecepi,
489 1809 521 1865 in
544 1800 783 1886 domo<patris>
807 1808 942 1883 partibus
965 1809 1147 1886 fungeretur,

136 1896 175 1968 et,
194 1889 270 1970 (ut)
288 1895 355 1970 plus
369 1896 416 1953 illi
428 1898 611 1956 necessitatis
626 1899 816 1972 imponerem,
835 1899 1012 1957 sententiam
1031 1900 1147 1956 vestrae

135 1983 210 2060 legis
233 1985 356 2062 ingessi,
387 1985 559 2044 denuntiavi
580 1989 729 2061 postremo
755 1987 888 2045 futurum
910 1988 1003 2061 ipsius
1027 1988 1147 2059 crimen,

135 2075 243 2132 sinon
270 2075 351 2148 patri
377 2076 524 2149 paruisset
551 2079 582 2133 et
610 2076 677 2152 legi.
724 2076 889 2134 adulteram
924 2093 1000 2150 quae
1026 2094 1080 2149 per
1101 2077 1146 2132 in-
1160 2094 1186 2132 ao

135 2181 238 2222 sanam
264 2161 420 2221 libidinem
449 2164 576 2222 stimulis
605 2166 685 2222 tanti
707 2165 815 2223 furoris
843 2166 1004 2239 exarserat,
1032 2167 1066 2222 ut
1092 2182 1147 2224 nec

135 2270 202 2310 suos
218 2255 398 2328 agnosceret,
416 2254 576 2311 interemit.
616 2255 789 2330 peregrinus
808 2271 869 2312 esse
885 2252 963 2310 filius
983 2271 1065 2311 meus
1079 2254 1148 2326 post

136 2339 314 2398 adulterium
343 2343 448 2400 matris
479 2359 549 2399 suae
578 2343 683 2416 coepit.
735 2335 874 2414 ‘occidit',
900 2342 1011 2418 inquit,
1043 2336 1146 2400 ‘filiam

135 2422 251 2486 meam’.
294 2448 383 2507 grave
403 2432 455 2502 est,
477 2429 599 2503 tribuni,
620 2432 654 2487 in
677 2432 819 2489 servitute
841 2430 995 2489 defendere
1019 2431 1097 2504 quod
1114 2432 1146 2488 in

135 2517 274 2576 libertate
292 2520 479 2578 commiseris.
525 2520 632 2578 merito
650 2519 757 2577 mulier
774 2538 841 2578 suos
859 2521 919 2577 iam
938 2519 1066 2597 negabat
1084 2538 1146 2577 esse
1160 2537 1185 2577 rs

137 2623 210 2678 quos
228 2607 362 2665 laeserat.
391 2610 457 2683 ipsa
475 2609 544 2681 post
561 2609 680 2665 tanturn
698 2608 826 2666 furorem
845 2610 905 2666 iam
923 2626 978 2667 sua
994 2627 1054 2666 non
1072 2611 1144 2666 erat.

136 2693 191 2751 illa
213 2694 301 2753 dixit:
325 2690 418 2755 ‘mens
440 2715 500 2754 non
519 2691 585 2770 est',
609 2698 641 2754 at
664 2716 717 2775 ego
736 2697 815 2756 dico:
838 2692 930 2756 ‘meus
954 2693 1004 2756 es'.
1050 2698 1146 2754 mator

137 2784 285 2840 armatum
314 2787 427 2859 timuit,
458 2785 508 2844 sed
534 2787 621 2860 pater
648 2787 837 2860 servientem,
868 2786 945 2860 quod
974 2789 1019 2844 est
1040 2786 1146 2858 maius,

26 2945 29 2952 ,
137 2873 279 2947 agnoscit.

227 3027 240 3074 1
262 3024 292 3075 at
310 3021 361 3076 illa
378 3033 431 3077 Βο
519 3031 534 3078 3
552 3025 701 3079 interfecto
722 3036 754 3092 03
773 3024 950 3079 interfectore
968 3033 1002 3089 B,
1021 3041 1088 3077 corr.
1108 3033 1146 3074 oc

136 3099 245 3162 4quae
265 3104 286 3146 ι’
348 3097 554 3149 lcontcndunt
567 3105 595 3148 Β
646 3096 789 3149 tribunum
804 3105 857 3149 Bc
917 3093 1053 3148 8deinde
1072 3094 1145 3146 iusto

137 3173 190 3218 Bc
261 3170 294 3217 10
314 3164 423 3219 dolores
437 3176 490 3220 Βο
560 3173 592 3220 11
610 3167 710 3220 desunt
723 3176 777 3221 Bc
847 3171 879 3219 12
893 3165 1019 3219 nocentis
1036 3165 1147 3219 Obrecht

137 3241 169 3288 16
189 3236 343 3290 adduceret
363 3248 383 3290 ο
453 3243 484 3291 17
504 3239 593 3307 patris
608 3240 670 3292 edd.
689 3239 736 3292 Gr.
810 3241 843 3290 18
861 3238 893 3290 ut
908 3254 956 3290 oua
972 3245 1031 3302 Βο,
1051 3235 1146 3290 adds

135 3308 289 3362 necessitas
303 3317 362 3376 Βο,
377 3321 476 3362 eorm
535 3310 690 3363 vestram*
750 3315 782 3362 21
799 3307 905 3361 stimuli
918 3316 971 3360 Bc
1032 3312 1145 3360 2281101

137 3379 289 3433 nosram.-
308 3379 378 3433 scios
395 3391 425 3446 ος
441 3379 497 3433 scio
512 3389 550 3448 Β;
565 3397 594 3434 se
608 3380 665 3433 iam
681 3393 708 3447 s,
728 3396 791 3433 suos
805 3380 862 3431 iam
881 3379 975 3432 Weber
1046 3383 1079 3430 23
1094 3394 1145 3432 sua

136 3451 246 3518 excepit
259 3459 323 3518 Βος
342 3463 442 3506 corre
515 3457 548 3504 24
568 3451 729 3505 servitutem
741 3460 794 3504 Bc
869 3455 902 3502 25
920 3447 1080 3504 libertatem
1093 3457 1147 3502 Βο

138 3524 171 3572 27
191 3523 221 3574 at
235 3553 269 3561 —
284 3537 312 3575 ee
332 3539 381 3576 om.
400 3531 428 3574 Β
499 3527 532 3575 28
551 3521 694 3592 magisius
712 3531 740 3574 Β
