2664 3920
199 218 242 282 36
528 216 723 272 CALPVRNII
743 217 869 272 FLACOI

199 406 259 446 non
276 387 405 461 tulerim,
428 387 480 445 sed
502 387 581 461 quod
598 387 653 444 ilia
670 389 771 462 priora
788 387 985 446 toleraverim.
1027 387 1079 461 qui
1098 387 1205 462 eapitis

199 496 309 552 poenas
338 495 356 534 a
383 494 435 535 suo
465 476 557 534 fratre
588 494 641 551 pro
671 494 761 535 uxore
791 476 900 535 dilecta
927 477 1017 550 petit,
1047 475 1120 550 quid
1142 477 1206 551 ipae

200 567 353 639 meruerit,
387 564 524 624 ostendit.
565 566 676 624 crimen
706 566 839 640 superius
869 564 938 623 huia
969 566 1117 639 imputare
1146 583 1206 626 uon

198 674 330 729 pessum,
362 672 432 712 nam
464 654 558 712 frater
585 655 709 731 ignovit.
760 654 906 728 quantum
939 653 996 712 tibi
1031 655 1206 728 nuptiarum

173 745 329 803 eeessione
355 744 553 817 praestiterit,
581 743 726 802 adrrlten‘e
754 743 961 818 probaverunt.
1011 741 1069 801 tibi
1097 742 1206 803 liberae

201 834 232 890 et
248 833 383 907 perpetes
403 834 512 905 noctes,
530 831 588 890 sibi
605 831 717 890 furtiva
736 833 911 892 commereia
929 834 960 891 et
978 850 1111 890 amorum
1129 833 1207 907 peri·

200 921 267 979 aula
288 920 480 995 reliquerimt.
521 922 641 996 ignosee
663 920 840 994 amantibus,
863 923 889 980 si
911 940 979 980 vere
1002 922 1117 980 amasti.

147 1184 184 1240 47
636 1177 769 1248 XLIX.

421 1345 424 1352 ·
514 1320 668 1392 Infamia
691 1322 730 1388 iu
753 1340 896 1391 nurum.

159 1474 186 1513 re
198 1453 391 1514 Auvuuaavu
406 1471 468 1512 cvu
486 1471 649 1514 auvuuaaa
667 1470 779 1516 merear
796 1469 957 1512 eaamuaa.
999 1469 1075 1516 aava
1096 1469 1206 1514 car-:urs

242 1558 431 1602 iuvocarvu
446 1560 530 1608 euru
543 1560 652 1616 votur,
667 1560 788 1600 amaia.
830 1544 895 1601 erat
908 1543 1028 1602 infamis
1045 1544 1077 1600 iu
1091 1563 1205 1600 nurum.

243 1633 358 1690 invenit
393 1631 562 1691 adulescens
597 1633 744 1691 incertum
782 1650 869 1706 quem
906 1632 1073 1692 adulterum
1110 1633 1206 1706 eapite

244 1720 350 1778 velato.
391 1738 511 1778 uxorem
532 1721 626 1780 sulam
648 1722 781 1795 peremit.
822 1719 857 1780 fit
879 1740 946 1781 reus
969 1721 1074 1780 caedis.
1117 1720 1205 1780 adve-

244 1810 345 1868 eatum
367 1811 484 1883 patrem
505 1809 646 1884 postulat.
693 1809 877 1870 contradieit.

160 2006 185 2046 re
265 1984 427 2045 Accusator
450 1985 541 2044 obicit
560 1984 638 2060 quod
657 1985 791 2045 adultero
809 1989 999 2062 pepercerim,
1022 1987 1109 2062 pater
1127 1986 1208 2044 dolet

201 2074 279 2150 quud
301 2095 408 2132 nurum
431 2076 494 2134 eius
516 2073 681 2133 oeeiderim.
728 2075 844 2134 adulter
870 2076 964 2134 oeeidi
986 2075 1095 2134 maluit
1117 2093 1207 2150 quam

200 2164 302 2223 videri.
342 2162 432 2222 habet
450 2163 566 2222 adulter
587 2182 714 2239 poenam
733 2183 829 2223 suam:
852 2166 1002 2223 cruciatur
1020 2165 1208 2237 eouseientia,

199 2253 311 2328 pudore
340 2255 502 2327 torquetur.
548 2254 579 2311 et
608 2254 634 2312 si
661 2254 783 2314 iuterim
812 2255 908 2314 tectus
939 2255 1046 2326 evasit,
1075 2253 1209 2312 inveniet

200 2342 287 2400 illum
308 2343 457 2416 postremo
481 2341 528 2402 vel
551 2343 639 2400 fama.

148 2588 186 2644 48
685 2583 725 2650 L.

161 2752 186 2792 ει
330 2723 471 2805 Pauper
493 2724 691 2807 imperator
712 2726 906 2809 imperium
928 2723 1082 2794 recusat.

202 2873 317 2950 Pauper
340 2875 370 2933 et
392 2873 473 2932 dives
496 2873 618 2932 inimiei.
664 2874 735 2932 belli
760 2877 892 2950 tempore
920 2875 1001 2933 dives
1025 2875 1140 2932 creatus
1164 2875 1211 2931 est

245 2964 414 3038 imperator.
461 2963 513 3040 qui
540 2981 606 3020 eum
633 2962 678 3022 bis
708 2964 828 3041 fugatus
852 2965 941 3038 esset,
970 2981 1084 3042 pauper
1112 2962 1211 3040 legem

245 3052 329 3126 tulit,
359 3054 393 3110 ut
422 3052 475 3126 qui
504 3053 549 3109 ter
575 3051 696 3129 fugatus
724 3054 813 3127 esset,
842 3053 874 3110 in
903 3071 1018 3111 erucem
1045 3051 1210 3110 teneretur.

162 3161 188 3200 re
245 3141 335 3199 tertie
350 3141 431 3199 dives
450 3140 572 3217 fugatus
591 3141 635 3199 est
654 3144 684 3200 et
701 3143 733 3198 in
747 3160 862 3200 erucem
880 3142 968 3200 latus.
1008 3140 1087 3200 filius
1106 3140 1211 3199 divitis

203 3279 415 3288 ψ·-

291 3362 439 3432 2prepter
453 3377 566 3416 uxorem
581 3361 712 3418 dilectam
726 3363 868 3435 Setultmy
934 3362 1060 3418 liberae
1124 3361 1213 3415 esibi

203 3445 230 3486 a:
250 3433 307 3487 aive
325 3442 379 3486 Bc
449 3431 674 3502 ‘lrelinquerunt
692 3443 720 3486 B

292 3504 437 3560 Metulum
456 3521 505 3558 om.
521 3513 574 3561 Bc
644 3511 677 3558 10
696 3505 906 3560 adulterium&
976 3505 1100 3576 111igat
1120 3515 1141 3558 0

291 3581 449 3647 211MPO
519 3593 674 3664 aelegee
748 3599 782 3647 25
802 3611 882 3648 eruce
900 3604 954 3648 Bc
