2664 3920
554 149 703 204 Praefatio.
1096 146 1135 200 IX

122 321 226 380 meniu
244 317 378 380 coffim
402 336 483 378 mc
503 319 693 394 militnm
714 318 843 378 mmmm
868 335 932 377 esse
957 317 991 374 in
1011 316 1135 388 Italian

125 411 177 487 qui
204 409 456 484 complectebatur
482 407 732 468 declamationum
756 407 971 466 collectionem.
1013 405 1136 481 scripsit

124 501 204 559 onim
220 490 319 579 ille¹):
342 501 455 557 ceotcsa
473 501 500 556 et
516 499 637 571 impiata
653 514 704 555 seo
723 497 897 571 mectiliaai
915 495 1136 554 cecamcaoces

123 589 165 648 aa
182 593 208 647 te
225 605 320 661 aceper
338 605 353 646 e
372 587 534 646 (1000000010
554 587 661 646 missas
680 585 854 659 Qaieeteic'aai
873 601 932 643 esse
949 587 991 643 sic
1008 585 1136 644 arbitror

123 682 157 736 ct
178 723 183 734 .
207 721 213 735 .
236 724 241 734 .
262 678 476 749 scbsepeaaetae
505 678 537 735 c'a
565 676 658 734 ccde'ce
690 674 930 733 declamationem
958 672 1082 732 Senecae
1105 673 1138 730 X

122 767 192 826 libri
206 813 212 826 .
228 811 234 823 .
250 812 257 825 .
271 765 430 825 secandam
446 766 501 824 bas
517 756 697 838 Calfarciffi)
711 763 814 822 Flacci
832 766 979 836 ecccrptae
992 762 1145 834 accedam.

117 873 235 930 paacae
251 856 461 928 perbrevesqae
483 855 744 926 seoteatIaepaem
763 871 811 926 epo
833 854 908 910 iater
931 851 1136 911 declamatores

123 945 278 1005 laudatam
306 947 415 1012 nescio,
449 961 491 1004 aa
519 959 650 1014 capacia
681 942 805 1015 lepeee'm.
854 942 1008 1016 aepistulas
1040 945 1136 1000 lamec

122 1035 185 1092 aab
201 1033 294 1093 sideri
313 1038 346 1102 et,
365 1035 425 1092 cisi
438 1032 515 1104 qaod
530 1034 643 1090 brevior
662 1035 710 1099 est,
729 1029 852 1092 Seaecae
864 1031 1033 1103 persimilis.
1068 1033 1138 1102 post

121 1125 199 1182 boenc
222 1119 303 1194 ‘fiais
333 1115 542 1194 eaceeptaeam'
563 1121 754 1180 subscribitur
776 1121 879 1179 aceres
908 1119 1079 1179 maiusculis
1111 1123 1138 1178 et

122 1210 265 1274 Aatboaic‘
296 1212 411 1270 [abaci
442 1212 537 1270 cesae
565 1212 648 1268 caios
682 1227 717 1269 ac
747 1227 814 1268 mcc
838 1213 871 1286 ‚et
902 1212 1136 1282 eatempoeaaeae

124 1301 299 1376 Qaiatc'tiaai
324 1303 548 1373 proeecittaatcr,
578 1303 615 1359 at*
639 1299 725 1371 facite
758 1302 902 1372 appareat
931 1299 1136 1356 subsecuturas

122 1392 215 1465 faisse
238 1393 480 1464 extemporaneas,
500 1391 639 1463 copitatas
657 1391 722 1447 iaec
739 1390 974 1460 praecessisse..
992 1431 997 1444 .

190 1479 275 1537 Unde
300 1479 376 1539 effioi
403 1479 523 1538 videtur
544 1478 655 1537 librum
677 1477 763 1535 illum
786 1477 877 1536 fnisse
900 1477 932 1534 in
953 1475 1136 1533 bibliotheca

125 1568 284 1627 cardinalis
310 1568 392 1628 illias
416 1567 561 1626 Senensis.
603 1587 669 1625 cum
697 1569 797 1625 cutem
820 1587 857 1624 ex
883 1564 1062 1624 bibliotheca
1086 1562 1136 1622 Se-

124 1657 209 1716 nensi
227 1657 357 1733 plurimo
374 1657 544 1715 litterarum
560 1657 753 1715 monumento
771 1655 819 1715 vel
837 1655 903 1731 ipsc
921 1654 969 1713 vel
988 1653 1137 1728 descrIpta

125 1746 253 1803 Romam
266 1747 298 1802 In
311 1745 523 1804 bibliothecam
534 1744 703 1804 Ohisioncm
716 1743 892 1805 transmissa
902 1761 964 1802 esse
979 1744 1095 1802 constet
1100 1733 1136 1819 ⁸),

126 1837 156 1892 et
178 1833 254 1892 liber
273 1831 301 1894 0
317 1834 354 1892 ab
372 1833 466 1892 isdem
483 1833 607 1909 incipiat
626 1833 723 1893 verbis
747 1837 836 1909 atque
856 1832 947 1892 codex
964 1832 1016 1890 ille
1035 1831 1136 1907 deper-

126 1922 214 1998 ditus,
238 1923 349 1998 optime
371 1923 445 1982 mihi
463 1922 562 1982 Ritter
579 1943 608 1997 p.
626 1923 685 1980 XII
699 1941 761 1998 sqq.
785 1922 904 1981 videtur
927 1921 1086 1982 coniecisse
1111 1917 1140 1980 0

126 2031 161 2070 cx
183 2012 236 2070 illo
260 2012 359 2071 codice
384 2010 506 2072 Senensi
532 2011 665 2086 fluxisse,
694 2031 761 2070 oum
789 2031 850 2087 qua
877 2011 1030 2088 opinione,
1060 2009 1137 2068 sicut

124 2100 223 2159 Ritter
243 2103 323 2160 recte
341 2103 451 2176 monet,
474 2121 570 2176 neque
589 2104 713 2178 pugnat,
737 2102 817 2176 quod
838 2099 980 2159 Senecam
997 2097 1137 2156 librarius

126 2187 270 2250 Comisit
294 2209 435 2249 -anno
459 2190 537 2248 enim
563 2191 649 2249 1490
668 2191 698 2248 et
724 2192 807 2249 1492
829 2189 881 2246 ille
903 2189 965 2247 iam
987 2187 1070 2264 typis
1089 2206 1136 2244 ex-

124 2297 225 2338 eussus
241 2281 305 2337 erat
323 2313 367 2319 —-
385 2298 438 2338 neo
453 2280 532 2354 quod
545 2279 624 2338 idem
643 2278 679 2337 de
693 2277 825 2338 Antonio
844 2277 961 2338 Iuliano
978 2279 1008 2335 ct
1026 2279 1136 2334 extem-

123 2368 261 2442 poraneis
284 2367 462 2436 Quintiliani
484 2371 566 2427 tecet
587 2387 669 2444 quos,
693 2387 759 2426 cum
783 2369 881 2426 essent
902 2365 1023 2426 nomino
1046 2365 1136 2441 plane

123 2457 235 2532 inania,
251 2457 369 2516 silentio
384 2477 451 2516 eum
464 2457 653 2532 praeteriisse
667 2476 753 2516 nemo
767 2455 931 2514 mirabitur.
964 2454 1045 2514 haud
1057 2454 1138 2514 mole.

124 2545 223 2604 Ritter
245 2547 370 2604 adnotet
399 2545 559 2605 verisimile
585 2563 647 2604 esse
674 2543 857 2620 Campanum
885 2544 983 2620 ipsum
1005 2543 1137 2604 codicem

124 2634 319 2711 investigasse
350 2638 381 2694 01
404 2635 436 2693 in
466 2635 588 2693 Italiam
616 2634 880 2693 transmittendum
911 2651 1028 2692 curasse
1059 2651 1136 2693 enno

127 2724 210 2781 1471
243 2743 301 2799 quo
331 2724 526 2783 Retisboncm
560 2725 683 2782 venerat
715 2743 781 2782 cum
816 2722 974 2782 Ibcnoisoo
1002 2721 1136 2781 Piccolo-

125 2811 218 2871 minio
242 2813 293 2888 qui
315 2813 408 2890 legati
430 2814 463 2870 in
485 2814 664 2872 conventum
684 2809 852 2871 Germanici
874 2811 993 2887 imperii
1015 2829 1136 2870 munere

126 2920 161 2958 οο
184 2920 261 2960 anno
285 2901 472 2978 fungebatur.

197 3127 223 3194 1)
242 3122 378 3194 Compcni
397 3141 482 3194 opera
501 3124 607 3191 omnic,
626 3123 763 3180 Venetiae
783 3128 863 3189 1495,
883 3123 931 3177 fol.
946 3119 1040 3187 LXIII,
1062 3119 1138 3173 unde

124 3195 155 3248 in
180 3195 348 3260 Quintibani
374 3196 512 3250 editiones
531 3197 645 3265 recepta
670 3198 720 3251 est.
757 3195 903 3264 inscriptio
929 3191 1069 3263 epistulae
1094 3191 1138 3244 est

126 3268 255 3321 ‘censura
274 3268 303 3320 in
322 3267 491 3332 Quintiliani
510 3267 749 3322 declamationes'.

197 3375 223 3444 2)
238 3373 402 3472 cepenam
410 3374 586 3428 Monaesum
598 3380 661 3428 erc:
674 3335 1025 3442 ‹ncipiuneexcspsm
1036 3369 1137 3424 Flacco

125 3447 283 3585 exoegpttbef..
302 3517 429 3584 Blnhme‚
449 3517 504 3570 iter
520 3517 651 3570 Italicum
669 3514 707 3568 IV
726 3521 786 3568 227.
