2664 3920
176 169 217 233 10
510 169 704 224 CALPVRNII
722 169 848 226 FLAOCI

655 385 702 455 X.

458 526 569 593 Pater
591 528 746 610 receptis
769 529 896 597 oculis.

175 657 230 718 (lui
253 660 338 717 erant
360 660 420 717 tres
443 658 508 736 filii,
532 661 648 718 amissis
672 660 784 719 duobus
803 660 899 721 flendo
923 660 1021 720 oculos
1044 659 1183 736 perdidit.

218 748 378 807 somniavit
396 767 426 807 se
444 751 631 824 recepturum
650 749 758 824 oeulos,
782 751 807 810 si
825 751 933 809 tertius
953 748 1032 808 filius
1050 750 1184 824 perisset.

146 859 158 897 a
218 837 365 896 somnium
388 839 473 895 uxori
495 837 648 896 indicavit.
694 839 748 896 illa
770 838 832 898 filie
855 838 1001 914 prodidit,
1031 837 1184 913 suspendit

218 943 249 985 se
272 926 450 986 adulescens.
496 929 583 1002 pater
609 921 721 1002 recepit
744 929 852 988 ocules.
897 927 1036 1004 repudiat
1053 945 1182 986 uxerem.

219 1016 283 1093 agit
305 1015 359 1074 illa
380 1015 486 1074 iniusti
508 1015 633 1091 repudii.

240 1173 319 1234 Ante
343 1176 442 1233 omnia
460 1176 516 1234 hoc
539 1176 652 1236 advos
675 1195 757 1236 meae
776 1177 875 1236 defero
894 1177 1081 1236 infelicitatis
1105 1175 1184 1251 qued

174 1264 274 1322 videre
297 1265 388 1340 coepi
434 1265 476 1324 sic
503 1267 683 1340 spectatores
714 1266 793 1326 oculi
819 1267 926 1325 tertiae
954 1265 1080 1325 redeunt
1106 1264 1183 1324 orbi·

134 1374 159 1414 ιο
173 1353 258 1413 tatis:
287 1355 339 1428 qui
363 1354 584 1414 calamitatibus
612 1358 773 1428 cesserant,
802 1355 962 1432 parricidio
989 1355 1183 1414 reverterunt

172 1443 304 1502 mirabar
329 1443 462 1518 profecto
491 1443 569 1518 quod
592 1445 625 1502 in
653 1445 808 1519 utriusque
837 1444 966 1504 orbitate
993 1444 1072 1503 selus
1099 1444 1185 1518 pater

173 1532 273 1591 ocules
303 1531 487 1606 perdidisset.
533 1534 630 1593 iussus
658 1553 723 1592 sum
745 1533 859 1606 videre,
881 1535 1041 1608 postquam
1070 1533 1184 1608 specta·

172 1623 268 1679 torem
297 1622 388 1679 tertia
417 1621 529 1680 orbitas
563 1641 624 1681 non
657 1621 793 1681 habebat.
845 1621 991 1696 numquid
1021 1621 1185 1680 discutiunt

173 1711 247 1768 recti
269 1711 475 1768 necessitatem
498 1712 550 1784 qui
570 1711 684 1786 aliquid
703 1729 802 1770 amere
820 1708 975 1770 fecerunt?
998 1712 1110 1770 cessate
1133 1729 1184 1785 pa-

133 1818 158 1858 rs
172 1817 300 1874 rumper,
324 1798 459 1857 exhausti
478 1798 578 1877 fletus3
601 1799 686 1858 differ
704 1800 902 1876 aliquantum,
925 1801 1058 1860 saucium
1076 1800 1184 1858 lumen.
1246 1865 1248 1868 ¹

173 1888 257 1946 decet
275 1906 337 1947 esse
361 1887 460 1947 oculos
480 1886 612 1947 duriores
631 1891 684 1963 qui
702 1891 809 1948 scelere
830 1890 1024 1948 reverterunt.
1069 1888 1185 1946 nullum

173 1978 205 2034 in
227 1977 284 2035 tali
309 1977 481 2044 calamitate
500 1976 537 2035 ab
560 1995 650 2036 uxore
668 1979 819 2037 solacium.
856 1972 1046 2055 (somnium)
1064 1978 1185 2036 misera·

172 2067 285 2124 tionem
314 2085 412 2124 meam
441 2067 512 2124 tunc
539 2066 651 2125 habuit.
697 2069 765 2141 pest
797 2069 880 2143 coepi
909 2085 1028 2125 monere
1056 2067 1092 2125 de
1113 2065 1184 2125 filie.

172 2155 275 2214 horret
304 2156 413 2214 referre
442 2156 557 2214 animus
586 2156 665 2230 quod
694 2157 828 2230 paenitet
857 2156 1010 2215 indicasse.
1058 2173 1111 2214 nee
1140 2173 1185 2213 re-

132 2244 271 2303 comedia
291 2244 459 2320 quaerenda
473 2246 550 2316 sunt,
569 2245 621 2302 ubi
634 2246 730 2303 maior
748 2246 902 2321 suppliciis
921 2246 1046 2304 sanatio.
1084 2245 1186 2322 gratu-

173 2333 296 2392 landum
318 2335 399 2408 patri
429 2336 486 2407 est,
517 2334 596 2408 quod
623 2353 683 2392 nen
705 2333 784 2394 filius
807 2335 975 2394 somniavit.
1021 2333 1108 2393 debet
1130 2333 1186 2392 hec

174 2423 237 2481 sola
255 2424 352 2480 mater
370 2423 481 2495 audire,
504 2423 551 2481 vel
570 2424 605 2479 ut
623 2421 685 2480 filio
704 2425 817 2497 caveat,
840 2422 943 2482 velue
961 2423 1064 2480 mariti
1086 2422 1187 2481 doleat

174 2512 355 2570 caecitatem.
403 2529 516 2570 arcesso
540 2513 702 2590 coniugem.
749 2514 819 2586 iam,
841 2514 974 2587 inquam,
997 2529 1100 2570 caecus
1123 2529 1186 2570 esse

174 2602 269 2675 cupic.
316 2602 408 2659 etiam
437 2619 515 2658 nunc
545 2600 625 2674 apud
654 2619 701 2658 me
731 2602 807 2660 latet
835 2600 914 2676 qued
944 2599 1006 2659 sela
1036 2602 1070 2658 tu
1097 2601 1184 2658 nosti.

133 2708 159 2749 as
174 2689 272 2748 subite
296 2691 418 2765 aspectu
446 2690 553 2747 somnii
575 2690 607 2746 iu
630 2691 742 2747 metum
765 2691 834 2748 veui
857 2692 900 2764 et,
927 2690 1036 2762 fateor,
1065 2689 1100 2747 de
1123 2688 1185 2747 filio

175 2778 295 2853 quidem
313 2780 410 2851 timui,
429 2778 480 2836 sed
499 2778 534 2836 de
552 2780 648 2836 matre
665 2797 725 2836 nen
739 2778 858 2838 credidi.
894 2778 1010 2836 nullum
1027 2779 1185 2853 impatien-

174 2869 234 2927 tius
264 2868 376 2926 malum
406 2870 452 2926 est
481 2885 570 2942 quam
602 2867 716 2927 invidia
745 2887 813 2926 cum
842 2867 1027 2940 calamitate,
1057 2869 1122 2942 qui,
1152 2869 1187 2925 ut

263 3055 373 3109 3filiae
392 3055 521 3108 missisc
592 3054 720 3108 tinilla
736 3065 757 3108 ι’
827 3054 964 3122 9siBt'3
984 3055 1024 3108 sic
1040 3056 1186 3120 Petraeum

173 3128 224 3181 del.
241 3127 289 3182 Gr.
379 3127 535 3196 peccatoris
556 3136 577 3179 ι’
660 3131 693 3178 12
711 3125 909 3195 perdidisset·
998 3131 1031 3179 13
1050 3125 1186 3194 numquid

175 3199 223 3267 qui
237 3207 291 3252 Bc
308 3198 366 3268 (qui
381 3197 430 3252 del.
446 3200 474 3268 a)
539 3203 572 3250 14
591 3212 700 3251 cessare
718 3206 772 3250 Bc
840 3202 871 3251 15
891 3213 990 3252 sanum
1004 3213 1077 3250 nunc
1091 3195 1186 3250 lumen

174 3269 317 3340 Satelliup
413 3275 444 3322 17
465 3267 602 3324 somnium
621 3269 685 3322 edd.
704 3268 843 3324 Deseauer
933 3273 966 3321 19
985 3269 1014 3322 et
1034 3266 1129 3322 horret
1147 3277 1186 3334 Βς

174 3342 289 3394 erretc
395 3345 429 3393 20
447 3339 560 3394 maioris
582 3339 629 3394 Gr.
739 3339 871 3409 supplicii
889 3349 953 3407 Βος
972 3356 1040 3394 cocu.
1056 3339 1186 3396 Pithoeus

174 3417 207 3464 21
226 3411 316 3465 filium
333 3421 361 3465 B
429 3416 463 3465 22
482 3410 540 3466 filio
559 3409 697 3466 somnium
715 3412 840 3466 narravit
857 3411 1001 3482 Setuttc'up
1073 3416 1106 3463 23
1126 3425 1185 3464 esse

174 3498 273 3536 caecus
287 3492 315 3537 Β
386 3488 420 3538 24
440 3482 608 3537 solatiam*
679 3489 713 3537 25
727 3486 855 3537 metuet·
925 3487 957 3534 27
978 3481 1047 3549 quid
1066 3484 1109 3536 est
1126 3491 1185 3547 ue,

173 3570 241 3610 corr.
257 3575 274 3606 e

1310 3361 1317 3454 l
