2664 3920
195 215 236 279 38
527 216 721 271 CALPVRNII
740 216 867 272 nancel

140 383 180 440 50
656 379 737 446 LII.

493 484 559 551 Vir
581 484 690 553 fortis
714 486 904 567 gladiator.

193 607 320 664 Iuribus
343 625 405 665 rou
434 624 568 665 mnarum
616 597 663 666 'vir
689 609 774 667 fortis
802 609 834 667 in
862 609 976 683 piratas
1003 608 1115 668 incidit.
1156 622 1201 668 re·

181 687 184 691 ’
238 697 356 771 scripsit
378 696 495 771 patriae
519 695 554 754 de
582 697 792 771 redemptione.
837 697 891 754 illa
918 699 1050 757 cessante
1076 697 1202 756 redemit
1319 699 1320 704 ’

166 804 178 844 5
237 804 305 843 eum
327 784 438 844 lanista
460 787 490 843 et
512 784 616 843 rudem
638 787 666 844 ei
687 787 719 843 in
744 804 834 844 arena
856 785 947 844 dedit.
991 804 1108 845 reverso
1130 786 1202 845 belli

237 875 369 947 tempore
393 873 549 932 denuntiat
571 875 711 933 militiam
734 876 904 950 imperator.

260 1011 367 1072 Omnia
389 1014 454 1073 fieri
471 1034 556 1090 posse
580 1016 700 1090 credidi,
723 1036 790 1076 cum
812 1036 860 1076 ma
882 1018 1003 1076 fortuna
1026 1036 1143 1077 servum
1166 1037 1201 1076 ex
1319 1093 1320 1104 ἵ

193 1103 286 1162 libero
315 1105 345 1162 et
374 1104 571 1181 gladiatorem
601 1104 635 1163 de
665 1107 729 1163 viro
761 1106 838 1164 forte
867 1105 992 1166 fecisset.
1038 1108 1202 1182 imperator

194 1191 277 1250 vobis
299 1193 411 1271 ingerit
440 1195 566 1252 militem
592 1195 675 1252 cuius
703 1212 823 1268 operam
850 1214 910 1253 non
933 1213 994 1254 esse
1021 1195 1201 1270 reipublicae
1319 1271 1320 1282 ἵ

155 1301 180 1341 ro
194 1283 389 1341 necessariam
419 1285 552 1357 proxima
580 1301 640 1342 non
669 1283 838 1342 redimendo
868 1284 1030 1343 iudicastis.
1082 1285 1201 1343 veniam

194 1388 211 1429 a
229 1370 321 1444 vobis,
344 1371 464 1445 iudices
487 1373 614 1447 postulo,
637 1372 718 1448 quod
735 1372 885 1450 gladiator
902 1374 1022 1432 infamis
1041 1375 1073 1430 in
1090 1373 1200 1432 iudicio

191 1459 305 1535 loquor.
343 1462 449 1535 errari,
462 1461 582 1535 iudices,
596 1462 701 1535 fateor,
716 1463 813 1520 erravi
828 1463 880 1536 qui
893 1481 1008 1538 semper
1022 1462 1133 1521 credidi
1146 1463 1200 1520 im-

191 1549 406 1608 mortalitatem
421 1569 482 1609 assa
491 1569 545 1625 pro
559 1550 711 1625 republica
725 1552 810 1623 mori,
824 1570 891 1609 cum
904 1550 985 1609 fama
1000 1553 1092 1610 etiam
1101 1553 1201 1610 viven-

191 1639 268 1696 tium
297 1639 493 1698 consenescat.
535 1639 730 1717 gladiatorem
755 1659 801 1698 me
828 1640 900 1699 fecit
928 1659 988 1698 non
1010 1641 1123 1715 pirata,
1150 1639 1201 1698 sed

154 1745 178 1786 15
192 1728 299 1801 patria.
341 1726 400 1800 sed,
418 1746 436 1785 o
454 1729 558 1802 virtus,
576 1730 609 1787 in
627 1729 757 1787 adversis
774 1746 880 1802 comes,
898 1729 961 1788 sola
979 1731 1014 1787 tu
1033 1748 1081 1787 me
1100 1732 1201 1788 secuta

191 1817 223 1872 in
253 1834 412 1890 carcerem,
447 1816 481 1874 tu
514 1818 547 1875 in
569 1816 685 1890 ludum,
714 1819 812 1876 virum
846 1819 953 1876 fortem
984 1819 1019 1875 tu
1048 1819 1112 1877 sola
1140 1837 1201 1876 non

192 1903 310 1979 decipis.
348 1906 430 1963 scitis
448 1923 504 1980 me,
527 1905 648 1979 iudices,
665 1907 831 1981 periculum
850 1909 1049 1980 contemnere;
1072 1907 1123 1966 sed
1141 1926 1201 1965 non

192 1995 347 2066 contemno
361 1993 517 2072 flagitium.
547 1995 644 2054 virum
657 1996 752 2073 igitur
765 1995 961 2073 gladiatorem
975 1998 1066 2074 negat
1081 1989 1197 2074 [negat]

192 2083 300 2156 aliquis
323 2080 488 2142 infamem?
511 2102 549 2142 an
571 2078 660 2162 (me)
685 2086 775 2161 negat
798 2082 1014 2161 gladiatorem?
1040 2087 1200 2159 utrumque

152 2191 177 2231 ro
191 2172 377 2232 mendacium
401 2176 453 2232 est.
498 2191 593 2246 neque
617 2174 695 2231 enim
722 2173 892 2231 condicione
917 2173 1096 2250 gladiatoria
1120 2175 1200 2248 quic·

192 2279 282 2334 quam
305 2264 349 2320 555
371 2261 513 2320 humilius
543 2263 575 2320 in
605 2263 705 2338 vulgo,
735 2281 788 2321 nec
810 2280 875 2320 meo
898 2264 1017 2320 nomine
1041 2264 1201 2338 quicquam

191 2349 320 2410 nobilius
338 2350 466 2409 inludo.
509 2345 678 2425 ‘fortunae'‚
700 2353 809 2426 inquit,
832 2345 923 2408 ξ55515.
965 2369 1117 2426 quousque
1140 2350 1199 2410 for·

191 2439 295 2496 tunam
318 2440 442 2498 facimus
465 2440 662 2498 humanorum
680 2443 876 2518 ¹negotiorum
898 2437 1001 2499 raam?
1041 2443 1118 2499 esto:
1140 2441 1199 2499 for-

190 2526 265 2585 tuna
281 2528 360 2602 55515,
380 2529 414 2586 ut
432 2547 560 2604 caperer,
579 2531 645 2603 quis
664 2530 743 2604 fecit,
761 2533 795 2588 ut
813 2547 898 2588 nemo
916 2527 1094 2588 redimeret?
1117 2532 1154 2603 et,
1174 2531 1201 2588 si

153 2632 179 2673 as
194 2617 319 2674 victoria
342 2617 431 2676 solita
453 2620 631 2692 provenerit,
653 2621 722 2692 post
744 2618 847 2677 rudem
869 2616 1081 2692 triumphabo?

139 2791 175 2846 51
641 2787 744 2855 LIII.

518 2893 676 2962 Invicem
699 2894 870 2976 adoptati.

191 3017 308 3093 Pauper
323 3020 353 3076 55
366 3017 448 3076 dives
462 3018 577 3076 inimici
590 3019 647 3077 visi
670 3019 740 3077 sunt
756 3019 788 3076 in
803 3018 932 3096 gratiam
945 3018 1075 3078 rediisse.
1094 3005 1098 3016 ’
1113 3016 1199 3077 dade·

235 3107 307 3166 runt
318 3107 447 3166 invicem
464 3105 541 3164 filios
556 3105 748 3182 adoptandos.
790 3107 871 3166 dives
886 3107 994 3166 oceidit
1008 3108 1072 3185 lege
1086 3107 1199 3166 indem-

281 3240 470 3310 agladiator.
490 3239 534 3293 ela
554 3250 575 3293 ο
640 3238 704 3292 3in
723 3257 772 3294 om
788 3249 816 3292 n
881 3241 1021 3308 4patn'e
1083 3240 1164 3294 illos

193 3314 348 3366 cessantem
365 3312 562 3381 Romano)
637 3310 745 3365 tais.
765 3312 861 3366 etflo
932 3311 1033 3365 ssforte
1050 3321 1070 3365 o
1087 3317 1199 3366 ocante

192 3381 443 3439 Schwab:f01ti13
499 3381 635 3435 fecisses
695 3387 727 3434 12
742 3381 805 3450 quis
820 3384 925 3451 ester
939 3392 991 3437 Bo
1049 3382 1198 3436 18virum.

191 3455 285 3507 atrum
301 3453 348 3508 Gr.
417 3454 504 3523 negat
516 3454 566 3508 del
581 3453 711 3508 Pitboeas
779 3457 812 3507 19
826 3470 871 3508 mc
885 3453 948 3509 add.
965 3453 1012 3509 Gr.
1082 3459 1116 3506 20
1134 3469 1199 3507 con·

192 3524 263 3579 ditio
282 3534 335 3579 no
405 3530 439 3578 24
458 3527 488 3579 at
507 3524 530 3578 si
548 3524 691 3607 Sobalta'ng

282 3595 342 3650 28¹
335 3614 364 3650 m
383 3596 476 3667 gratia
494 3594 624 3651 recidisse
645 3607 665 3650 ο
735 3600 768 3648 29
787 3595 1013 3650 indemnatorum
1033 3606 1054 3649 ο
