2664 3920
379 136 683 212 DECLAMATIONES
702 137 934 190 XXIX-XXXII.
1113 137 1156 202 27

146 307 285 367 moribus.
331 305 500 366 Miseranda
517 309 616 382 potius
639 307 671 364 in
694 325 759 364 meo
777 309 862 381 patre
883 326 973 381 quam
993 305 1156 365 aeeusanda

148 398 298 456 dementia
316 398 368 456 est.
410 396 540 454 multum
557 398 656 472 potest
675 395 832 470 abdicatio,
855 414 922 458 oum
939 395 1070 469 timetur,
1089 397 1157 470 post

148 506 182 544 ex
212 486 322 560 pudore
351 485 413 543 iarn
441 484 562 544 liberius
592 485 716 543 erratur.
762 503 815 543 vos
844 485 1008 561 interrogo,
1037 483 1157 559 iudieeS,

147 577 249 634 utrum
276 575 316 633 sit
343 593 431 633 sanus
460 573 511 648 qui
538 575 568 632 et
595 591 662 632 suos
691 572 809 632 abdieat
837 575 866 631 et
888 572 1014 647 adoptat
1037 572 1155 632 alienos.

149 664 270 739 adoptio
294 665 397 722 saneta
422 680 470 742 res
500 665 545 721 est
567 661 686 738 quidem
714 681 789 737 quae
816 660 957 720 beneficia
980 663 1104 720 naturae
1128 663 1184 724 eta

146 753 219 812 iuris
248 751 392 811 imitatur.
438 753 470 808 in
500 769 558 827 quo
583 770 674 826 puero
704 752 802 810 neseio
830 750 902 826 quid
932 751 972 810 sit
997 749 1158 828 indignius

146 843 247 900 utrum
264 842 360 917 patris
379 841 471 919 origo,
494 841 574 915 quod
592 843 637 900 est
659 839 758 915 dubia,
781 859 820 898 an
838 841 942 899 matris
964 839 1055 918 origo,
1079 839 1159 914 qnod

147 933 228 989 certa
250 933 302 990 est.
349 929 423 988 dixit
445 929 496 988 iile
525 947 610 987 suum
636 929 745 1003 filium,
773 929 849 987 dixit
870 931 905 987 ut
928 931 1056 1004 amator,
1083 928 1159 988 dixit

146 1021 237 1078 immo
260 1021 323 1095 ipse
346 1020 407 1077 iam
428 1037 536 1094 parum
558 1037 656 1078 sanus.

580 1224 719 1290 XXXI.
1172 1255 1198 1293 10

386 1348 579 1415 Adulterae
602 1364 706 1415 soror
729 1348 767 1413 et
790 1346 916 1414 mater.

145 1481 191 1538 Eu
210 1497 331 1538 narnus
350 1499 393 1562 ετ,1
408 1497 543 1538 senonas
562 1497 594 1560 m
616 1497 791 1538 navarram
810 1495 1029 1537 nnrnnrmusns
1048 1497 1156 1538 aroana

191 1586 352 1627 ooomnnu.
390 1570 512 1644 quidam
531 1588 598 1628 oum
621 1587 750 1627 sororem
771 1568 1017 1643 deprehendisset,
1041 1567 1157 1628 oceidit.

190 1659 320 1716 furorem
337 1677 441 1734 passus
459 1659 583 1733 resipiit.
624 1658 740 1715 invenit
758 1658 943 1738 etmatrem:
963 1677 1021 1716 non
1040 1658 1157 1717 oeeidit.

191 1747 345 1806 abdicatur
368 1767 386 1804 a
408 1749 501 1821 patre.
1172 1769 1197 1808 ιε

213 1887 302 1947 Soror
316 1890 439 1948 erravit:
458 1889 664 1948 insaniendum
678 1891 734 1963 est3
749 1892 845 1947 mater
860 1890 1053 1947 adulteravit:
1069 1889 1155 1947 domo

145 1979 245 2053 patria
268 1978 427 2036 earendum
450 1979 501 2036 est.
547 1977 595 2037 hio
618 1979 712 2037 exitus
736 1979 831 2052 venit,
860 1978 903 2050 nt,
927 1997 961 2035 ex
989 1997 1048 2052 quo
1076 1978 1155 2037 malo

145 2067 228 2125 furor
250 2068 400 2142 coeperat,
430 2086 520 2125 exeo
549 2069 661 2126 sanitas
691 2069 869 2126 nasceretur.
915 2067 1011 2125 voluit
1038 2085 1085 2124 me
1109 2085 1156 2124 ex-

144 2156 261 2231 plorare
299 2156 420 2215 fortuna
454 2175 493 2214 an
528 2174 715 2234 agnoscerem
753 2174 842 2214 meos.
895 2156 921 2214 si
954 2155 1026 2213 haee
1061 2173 1157 2229 poena

145 2245 305 2313 adulterae,
329 2245 401 2320 quid
419 2245 527 2320 pudori
545 2242 653 2319 super?
676 2263 692 2301 o
715 2245 887 2318 importuna
908 2241 1028 2318 sanitas,
1051 2244 1157 2303 ideone
1171 2266 1197 2305 so

143 2334 260 2412 redisti,
289 2336 324 2392 ut
346 2333 420 2392 mihi
443 2333 622 2392 adulterium
645 2332 749 2391 matris
772 2329 956 2391 ostenderis?
1001 2331 1157 2393 abdicatus

144 2423 192 2480 hio
220 2424 330 2481 iterum
359 2424 445 2498 quasi
473 2423 599 2481 furiosus
630 2421 746 2495 errabo,
776 2421 827 2480 sed
857 2423 935 2481 oerte
965 2422 1027 2480 sine
1057 2426 1155 2481 mente

145 2530 255 2570 secura.
944 2537 945 2540 =

560 2626 727 2694 XXXH.

294 2752 465 2820 Desertor
488 2752 591 2836 pater
613 2751 769 2819 oratoris
793 2752 830 2817 et
852 2753 995 2819 militis.
1170 2779 1195 2819 ε

144 2882 202 2952 Qui
223 2883 299 2942 filios
322 2884 450 2943 habebat
477 2905 569 2943 unum
592 2887 752 2957 oratorem,
781 2884 908 2942 alterum
930 2885 1066 2957 militem,
1089 2903 1171 2942 reus·

187 2973 364 3048 proditionis
391 2974 487 3032 faetus
516 2976 567 3032 est.
613 2972 759 3047 pendente
788 2973 897 3031 iudioio
925 2973 1010 3031 miles
1038 2973 1157 3031 fortiter

232 3142 378 3213 lmoibus
396 3169 424 3212 Β
544 3159 692 3228 5quidem
711 3172 739 3214 s:
763 3159 832 3228 quid
850 3159 880 3212 in
901 3169 931 3225 ες
956 3159 1026 3227 quid
1043 3160 1061 3225 ῤ
1080 3157 1110 3211 in
1130 3167 1158 3210 Β

132 3232 243 3284 natura
263 3240 284 3283 ο
354 3237 369 3284 6
388 3230 531 3300 indignius
551 3243 578 3284 s:
598 3230 732 3300 indignus
750 3239 804 3283 Bc
877 3235 890 3283 7
912 3231 987 3298 quod
1005 3229 1051 3296 ille
1071 3232 1114 3283 est
1138 3240 1159 3282 ο

232 3307 265 3354 14
283 3301 405 3356 furorem
419 3333 454 3342 -
468 3302 571 3357 oceidit
590 3319 639 3358 om.
654 3311 682 3354 Β
766 3307 799 3354 16
819 3301 921 3355 erravit
940 3317 989 3356 om.
1009 3310 1037 3353 Β
1126 3303 1155 3354 et

142 3373 231 3426 mater
244 3381 272 3425 Β
325 3378 358 3426 19
372 3373 514 3427 fortunam
527 3383 585 3439 Βο,
602 3389 680 3426 an—
690 3372 837 3426 infamiam
844 3377 927 3442 p.28,
938 3373 954 3426 l.
967 3375 984 3425 5
998 3389 1047 3426 om.
1060 3380 1099 3439 Β;
1120 3372 1156 3438 cs.

142 3443 254 3498 Schwab
267 3444 370 3568 Agehie
383 3445 404 3511 f.
419 3447 466 3499 lat.
482 3445 697 3554 ffenmoprophie
714 3444 764 3497 IX
778 3447 877 3512 (1898)
889 3461 918 3514 p.
935 3446 989 3498 547
1062 3449 1096 3496 20
1117 3442 1159 3512 qd

147 3524 168 3566 ο
238 3521 271 3567 22
310 3516 541 3570 neaasineO
