2664 3920
190 193 242 247 XX
621 193 772 249 Praefatio.

193 380 256 421 una
280 380 348 421 cum
371 361 549 432 Quintiliani
576 362 842 422 declamationibus
868 362 1032 421 minoribus
1055 361 1213 438 Tacitique

195 451 316 529 dialogo
344 452 438 512 edidit
460 452 582 512 Parisiis
606 470 683 511 anuo
709 452 794 511 1580
821 451 899 526 apud
919 451 1055 510 Mamert.
1072 451 1212 512 Patisson

194 542 273 600 satis
297 544 433 600 accurate
457 543 487 599 et
510 541 677 619 diligenter,
700 540 752 605 sed
769 539 929 600 dolendum
952 540 1095 615 estquod
1118 542 1212 618 sigui·

195 629 335 689 ficatione
359 631 445 689 66166
472 634 553 689 oetas
575 631 624 690 vel
650 630 901 702 consererentur
928 629 1036 688 abusus
1064 633 1117 688 est.
1158 629 1210 688 ad·

194 719 279 777 misit
302 719 381 778 euim
404 739 469 779 eam
487 720 653 794 promiscue
672 719 711 776 ad
729 717 955 796 significandum
977 720 1007 777 61·
1026 717 1155 777 codicem
1173 716 1210 780 A
1313 767 1314 782 1

195 810 225 866 et
257 807 342 866 aliud
371 808 522 884 exemplar
551 808 630 883 quod
660 809 687 865 ei
716 808 835 883 praesto
865 810 936 868 erat.
988 827 1080 866 uumn
1108 810 1209 866 tamen

196 896 359 955 tenendum
382 899 428 956 est
450 896 598 956 neminem
624 897 683 956 nisi
705 895 862 956 Pithoeum
888 897 921 954 in
943 895 1120 955 recensendo
1144 895 1209 955 011-

195 987 305 1061 purnio
338 985 433 1045 adhuc
461 985 610 1045 codicibus
637 1004 724 1044 usum
753 1003 825 1044 esse.
870 985 962 1044 611116
991 985 1046 1044 illa
1072 987 1208 1062 princeps

195 1074 370 1150 saepissime
388 1075 587 1150 repetebatur,
610 1077 649 1149 et,
672 1094 737 1134 cum
756 1074 852 1152 magis
874 1075 1029 1151 magisque
1052 1075 1089 1133 ab
1113 1093 1208 1134 exem-

192 1163 273 1239 plari
291 1163 484 1239 discederent,
504 1166 538 1222 ut
556 1163 621 1222 fieri
639 1164 724 1237 solet,
746 1164 938 1238 repetitiones
958 1162 1029 1221 illae
1048 1163 1209 1222 deteriores

191 1251 306 1311 fiebant
327 1271 423 1330 usque
446 1252 484 1311 ad
507 1253 668 1311 editionem
691 1271 725 1311 611
749 1251 867 1311 officina
889 1251 1045 1311 Haokiana
1067 1251 1208 1329 Lugduni

194 1341 382 1402 Batavorum
400 1343 431 1400 61
448 1342 641 1401 Roterodami
659 1359 737 1400 anuo
758 1341 842 1399 1665
863 1342 1034 1418 evulgatam
1054 1344 1101 1400 eui
1120 1339 1207 1400 Gro-

191 1432 322 1490 novius
345 1449 466 1507 operam
484 1433 656 1490 navaverat.
703 1431 1024 1490 aun01698secutus
1047 1433 1093 1489 est
1115 1429 1208 1489 editio

193 1519 456 1598 Argentoratensis
495 1519 615 1580 Ulrioi
647 1519 835 1594 Obrechti,
874 1521 959 1578 1720
1000 1518 1206 1596 Lugdunensis

194 1607 348 1684 splendide
368 1612 510 1668 exornata
527 1609 630 1667 Petri
652 1608 848 1667 Burmanni
871 1609 923 1684 qui
940 1610 976 1666 ut
993 1608 1075 1668 lacus
1093 1607 1207 1668 rivulos

193 1698 225 1755 in
250 1715 280 1756 se
303 1698 419 1773 recipit,
441 1698 486 1755 ita
509 1699 609 1756 omnia
633 1716 710 1771 quae
737 1700 850 1774 priores
878 1697 1094 1757 adnotaverant
1117 1699 1206 1772 atque

194 1777 467 1865 emendaveraut1),
490 1787 638 1864 congessit
658 1788 812 1862 textuique
833 1787 980 1862 adspersit
1001 1788 1031 1845 et
1048 1786 1111 1862 ipse
1135 1804 1205 1861 quo-

190 1895 248 1950 que
272 1894 351 1934 nova
381 1875 505 1934 addidit.
551 1877 603 1952 qui
626 1875 684 1934 viri
707 1875 787 1934 16611
810 1894 924 1950 omnes,
952 1894 1020 1935 oum
1048 1876 1113 1950 alii,
1140 1878 1205 1933 tum

192 1963 360 2024 Gronovius
382 1965 486 2024 multis
510 1964 582 2024 16616
605 1963 712 2024 6111116
735 1966 795 2023 suis
820 1963 979 2040 Calpurnio
1005 1965 1102 2023 lucem
1125 1967 1205 2023 attu-

191 2053 261 2113 lisse
295 2055 385 2129 atque
417 2053 466 2112 hic
496 2053 559 2112 illio
592 2073 627 2111 ex
659 2053 827 2112 coniectura
857 2054 1017 2130 genuinam
1048 2053 1205 2112 lectionem

191 2143 357 2219 repperisse
381 2142 579 2202 confitendum
603 2144 656 2201 est.
701 2142 733 2200 in
756 2143 927 2201 universum
944 2145 1054 2217 tamen,
1071 2142 1104 2200 id
1127 2140 1205 2218 quod

190 2234 253 2291 iam
276 2251 367 2308 supra
389 2234 492 2310 tetigi,
519 2231 608 2290 nimis
630 2230 702 2289 freti
731 2249 784 2290 suo
815 2231 938 2290 arbitrio
967 2234 1056 2306 atque
1078 2232 1204 2289 nimium

190 2320 379 2398 indulgentes
397 2320 521 2380 libidine
541 2319 705 2380 conicieudi
727 2320 869 2398 neglectis
892 2323 990 2379 textus
1013 2320 1113 2379 indole
1131 2320 1204 2397 legi-

189 2411 304 2485 busque
333 2411 475 2469 sermonis
505 2409 700 2486 Oalpumiani
726 2408 817 2467 verba
843 2428 903 2468 non
929 2411 993 2468 1111
1015 2411 1206 2468 6616161111

192 2518 281 2574 quam
312 2502 514 2575 corruperimt.
564 2502 633 2575 post
662 2498 866 2557 Burmanuum
894 2498 1126 2557 declamationes
1154 2517 1205 2556 ue·

190 2589 304 2665 glectae
327 2589 497 2662 iacuerunt,
520 2607 590 2646 nam
613 2587 757 2646 editiones
780 2588 979 2662 Bipontina
1007 2605 1083 2646 anno
1109 2587 1205 2660 1784,

190 2676 327 2735 Parisina
363 2677 537 2736 Dussodii
574 2678 658 2735 annis
693 2676 924 2734 1821-1825
957 2677 988 2733 iu
1024 2675 1204 2734 bibliotheca

191 2765 315 2826 classica
333 2766 429 2825 latina
447 2784 501 2842 per
518 2767 555 2824 N.
574 2766 609 2824 11.
627 2765 762 2824 Lemaire
781 2764 893 2840 publici
913 2765 987 2823 iuris
1005 2764 1095 2840 faeta,
1113 2765 1203 2823 Tau-

190 2855 351 2914 rinensis
379 2856 465 2914 annis
491 2855 718 2913 1824-1826
748 2873 783 2912 ex
809 2854 890 2929 typis
918 2853 975 2913 Ios.
993 2854 1107 2915 Pomba
1129 2855 1203 2913 Bur-

189 2945 292 3002 manni
314 2943 516 3003 recensionem
540 2944 730 3020 repetieruut.
763 2943 943 3002 Dessauer
968 2943 1094 3018 denique
1124 2961 1203 3003 anno

193 3034 278 3093 1892
303 3035 333 3093 61
357 3031 481 3092 Schwab
505 3034 601 3113 denuo
624 3033 670 3090 his
694 3031 838 3107 excerptis
861 3051 982 3108 operam
1005 3032 1157 3091 dedenmt.

259 3122 324 3192 Quo
347 3122 460 3181 factum
484 3126 537 3196 est,
560 3125 594 3182 ut
617 3122 705 3198 pauci
727 3123 830 3180 nostra
858 3123 956 3180 aetate
980 3121 1016 3181 de
1041 3120 1202 3197 Oalpnmio

191 3214 316 3289 egerrmt
340 3230 412 3286 quos
435 3211 578 3270 hocloco
602 3229 773 3270 enumerare
798 3209 986 3286 supersedeo,
1014 3228 1081 3268 cum
1103 3211 1203 3269 omnia

189 3300 244 3359 illa
267 3300 366 3359 studia
389 3302 421 3360 in
444 3299 605 3376 Calpurnio
632 3302 732 3375 posita
754 3299 951 3376 congesserim
981 3295 1203 3374 1111611611-

189 3389 284 3448 verim
307 3389 338 3446 iu
361 3389 503 3449 Bursiani
527 3388 683 3448 annalibus
702 3381 938 3469 (Jahresbericht
955 3387 1029 3446 iiber
1051 3387 1202 3447 1161611-

263 3562 288 3629 1)
308 3558 353 3614 Sic
373 3561 459 3616 etiam
478 3557 649 3629 Schultingii
666 3560 755 3613 notas.
