2664 3920
550 129 700 186 Praefatio.
1071 129 1134 183 XIII

123 300 196 360 decl.
225 300 277 373 45,
314 299 352 358 ad
387 300 573 358 indemnatus
607 299 737 374 primam
773 316 875 358 vocem
912 297 1138 358 declamationIs

122 390 281 466 sequentia.

189 479 235 537 Ex
250 500 268 557 γ
282 479 312 536 et
321 474 358 537 Β
373 480 403 535 et
417 477 494 534 alius
509 477 631 552 qnidam
645 476 736 536 codex
750 475 905 535 fluxerunt.
939 476 999 550 sed,
1010 475 1139 535 codicem

124 565 161 628 Β
183 567 215 625 in
237 566 375 625 manibus
397 568 545 639 tenemus,
574 566 650 624 alter
676 565 729 623 ille
756 566 847 640 periit
868 585 965 640 neque
989 567 1140 625 constaret

124 676 191 714 eum
209 674 341 730 unquam
359 655 460 729 fnisse,
483 653 595 714 nisiex
614 673 648 713 eo
667 655 725 714 dno
744 655 791 712 illi
810 654 861 730 qni
881 657 1005 731 restant,
1025 654 1139 713 codIces

123 747 185 804 fere
204 745 332 822 gemelli,
351 744 536 804 Monacensis
557 744 619 804 316
640 747 670 802 et
687 743 855 818 Bernensis,
874 744 1015 820 descripti
1034 747 1139 803 essent.

124 835 177 910 qui
200 833 348 893 communi
368 834 482 910 origine
500 834 546 891 uti
564 832 633 891 inde
652 833 749 892 elucet
767 833 846 909 quod
864 833 1006 892 lectiones
1030 833 1140 891 unius·

125 942 184 998 que
207 922 278 981 libri
295 922 470 998 plerumque
488 923 536 981 vel
559 922 591 979 in
609 922 744 982 minutiis
764 922 1000 999 orthographicis
1020 941 1139 981 consen-

124 1015 215 1072 tiunt.
251 1016 374 1086 uterque
388 1011 465 1069 liber
477 1011 510 1068 in
524 1011 717 1086 Inscriptione
732 1010 832 1070 omisit
845 1011 949 1070 verba:
964 1015 1096 1084 acepta
1110 1011 1141 1069 X

123 1103 270 1160 rhetorum
291 1103 445 1168 ancorum,
469 1103 593 1176 uterque
615 1100 721 1160 titulos
745 1100 994 1161 declamationum
1019 1095 1139 1159 1214.

125 1192 265 1250 39-44.
286 1191 338 1262 47,
358 1191 399 1247 49
423 1190 455 1246 in
477 1187 548 1250 ΒΟ
567 1189 677 1248 omissa
703 1189 838 1264 praebet,
868 1192 901 1248 in
928 1193 1054 1264 utroque
1082 1190 1140 1248 sin-

125 1279 204 1357 gulis
235 1277 499 1337 declamationibus
529 1280 560 1337 in
589 1278 724 1354 margine
754 1279 869 1336 numeri
903 1278 1033 1353 appositi
1063 1280 1141 1336 sunt.

126 1368 206 1444 quod
230 1368 339 1426 attinet
362 1367 400 1426 ad
422 1367 564 1426 lectiones
588 1366 703 1425 duobus
722 1366 783 1424 illis
806 1366 890 1425 libris
913 1369 1057 1443 proprias,
1081 1369 1141 1425 sta-

124 1456 269 1515 tuendum
292 1458 337 1514 est
360 1458 489 1533 genuina
516 1455 608 1514 verba
631 1457 796 1530 scriptorIs,
825 1455 897 1514 licet
923 1455 1019 1514 multa
1043 1457 1142 1514 errata

126 1546 284 1604 emendata
307 1546 376 1619 sint,
400 1544 577 1604 coniecturis
600 1546 759 1619 inquinata
782 1563 852 1604 esse.
897 1546 942 1604 ita
966 1544 1004 1602 ad
1027 1561 1142 1603 emacu-

126 1634 218 1702 landn
240 1634 424 1709 reliquorum
455 1633 589 1692 codicum
616 1635 692 1691 vitia
716 1634 939 1710 aliquantillum
961 1635 1076 1707 vdent,
1104 1633 1142 1691 ad

127 1722 362 1798 recuperandam
379 1722 507 1780 formam
521 1722 675 1798 archetypi
688 1725 783 1801 magIs
803 1725 947 1782 sinceram
962 1743 1052 1799 quam
1066 1742 1143 1798 quae

12 1867 13 1876 ,
128 1830 164 1869 ex
187 1808 224 1871 Β
230 1808 258 1872 0
281 1812 345 1868 erui
366 1812 474 1886 potest,
497 1811 540 1869 nil
562 1812 671 1870 valent.

194 1899 295 1958 Unum
318 1898 403 1958 addo.
436 1901 488 1975 qui
510 1897 547 1960 Β
569 1903 599 1959 ct
621 1901 800 1960 Beruensem
823 1902 902 1961 inter
932 1921 961 1961 se
990 1919 1141 1977 compara-

127 1991 216 2066 verit,
246 2008 315 2048 mox
344 1990 477 2048 inveniet
503 1990 548 2048 ita
575 1992 757 2050 conecturas
786 1991 894 2050 codicis
924 1988 1020 2051 Bab
1048 1989 1143 2048 altera

124 2097 218 2137 manu
240 2079 336 2137 factas
361 2096 434 2152 quas
457 2077 479 2138 b
501 2079 604 2138 littera
627 2078 836 2156 significamus,
860 2099 928 2138 cum
950 2079 1048 2138 verbis
1071 2079 1142 2137 Ber-

126 2167 225 2227 nensis
261 2185 435 2244 congruere,
462 2168 497 2224 ut
523 2168 589 2226 luce
619 2168 729 2226 clarius
759 2170 800 2227 sit
827 2172 880 2227 aut
906 2168 1085 2227 Beruensem
1109 2186 1144 2225 ex

128 2252 165 2315 Β
188 2255 369 2331 descriptum
392 2273 463 2329 esse,
486 2259 646 2332 postquam
670 2257 792 2316 alterius
814 2276 920 2315 manns
948 2258 1144 2316 correctiones

127 2346 224 2403 factae
251 2347 336 2418 sunt,
364 2346 418 2403 ant
440 2341 477 2404 Β
498 2347 603 2421 postea
626 2364 661 2404 ex
684 2346 827 2406 Beruensi
850 2363 911 2406 esse
942 2337 1143 2426 correctuml)

128 2435 255 2493 alteram
278 2435 486 2508 coniecturam,
510 2453 614 2510 nempe
635 2454 708 2509 eam,
727 2432 764 2495 Β
782 2454 817 2494 ex
834 2435 978 2494 Beruensi
997 2453 1058 2494 esse
1082 2453 1145 2493 cor-

127 2525 249 2596 rectum,
269 2540 330 2582 esse
349 2541 460 2596 veram,
478 2522 547 2582 inde
567 2523 702 2598 efficItur,
717 2524 796 2599 quod
815 2524 887 2583 decl.
904 2524 944 2582 23
961 2517 1003 2603 (p.
1020 2526 1071 2598 21,
1087 2516 1144 2603 27)

127 2608 164 2671 Β
186 2612 287 2670 omisit
316 2612 420 2671 verba:
451 2615 477 2669 et
506 2629 555 2685 epo
585 2613 661 2670 dico:
685 2607 777 2672 ‘meus
804 2607 864 2682 est',
888 2613 910 2674 b
933 2617 964 2672 et
986 2614 1144 2672 Bemensis

129 2717 164 2757 ea
181 2700 332 2774 praebent.
369 2719 437 2759 cnm
462 2703 562 2760 autem
581 2701 739 2762 chensis
764 2702 847 2762 nullo
867 2704 927 2761 alio
945 2703 1023 2763 libro
1041 2721 1144 2762 mann-

130 2788 239 2862 scripto
272 2788 404 2848 adhibito
433 2789 606 2849 emendatus
638 2792 700 2850 sive
730 2794 831 2867 potius
863 2791 1145 2867 interpolationibus

130 2878 287 2951 con-uptus
311 2869 391 2957 sit2),
415 2897 531 2938 necesse
554 2882 599 2938 cst
619 2880 710 2938 verba
728 2881 783 2938 illa
806 2883 839 2939 in
857 2878 894 2941 Β
913 2899 1011 2940 errore
1035 2882 1146 2939 omissa

203 3065 229 3132 1)
248 3062 288 3117 ef.
303 3063 415 3131 Weber,
434 3066 612 3134 quaestiones
626 3065 833 3135 Calpurnianae
851 3086 878 3136 p.
895 3075 910 3122 5
930 3067 978 3136 qui
994 3066 1066 3121 falso
1081 3082 1145 3120 con-

129 3135 222 3188 tendit
240 3143 269 3187 B
285 3152 319 3190 ex
337 3135 499 3190 Monacensi
518 3143 570 3191 316
589 3154 648 3192 esse
667 3141 829 3193 correctum.

203 3209 229 3276 2)
248 3206 322 3260 Nam
341 3207 433 3261 titulis
458 3208 516 3261 illis
539 3209 569 3261 in
595 3211 734 3262 communi
759 3209 935 3264 Monacensis
955 3215 1006 3262 316
1033 3211 1062 3264 et
1079 3209 1146 3264 Ber-

130 3278 224 3331 nensis
243 3277 321 3332 fonte
341 3278 479 3348 suppletis
498 3280 669 3334 contrarium
687 3297 744 3334 non
767 3281 911 3336 evincitur.
949 3281 1101 3348 potuerunt
1120 3281 1145 3334 ei

131 3348 198 3401 addi
217 3365 303 3418 opera
325 3365 382 3403 non
407 3349 525 3404 difficili,
563 3351 687 3421 appositi
710 3354 776 3405 sunt
799 3352 897 3407 eodem
920 3350 1036 3405 consilio
1061 3354 1146 3419 atque

130 3420 240 3475 ratione
258 3438 313 3491 qno
332 3421 442 3476 numeri
461 3423 713 3491 adnotatIonesqne
732 3423 811 3477 cuins
830 3423 861 3475 in
878 3440 960 3476 nsum
977 3420 1146 3476 declamatio

132 3491 238 3560 scripta
248 3509 308 3548 esse
318 3493 449 3563 fingatur,
464 3494 509 3548 cui
524 3494 662 3563 plurimae
676 3510 787 3563 qnoque
801 3493 1032 3562 interpolationes
1044 3493 1146 3548 deben-
