2664 3920
178 208 222 272 30
514 206 707 261 CALPVRNII
725 205 850 261 FLAGOI

223 377 277 437 sub
306 378 359 436 illo
392 396 458 436 cum
488 377 619 451 specioso
650 376 837 436 adulescente
866 376 1018 435 militavit.
1072 395 1188 452 pauper

223 466 341 526 fortiter
359 466 438 540 fecit,
458 465 629 524 adulescens
643 465 780 524 desemit.
817 464 900 525 dives
918 467 982 524 iure
997 467 1067 542 egit.
1099 466 1188 541 pater

222 557 354 632 praemio
377 555 462 630 petit,
485 557 519 613 ut
541 554 699 613 occidatur.

244 715 355 774 Filium
373 734 471 773 meum
494 716 520 775 si
537 714 663 773 liberare
685 733 745 773 non
767 715 846 789 licet
869 716 975 773 saitem
998 715 1087 773 liceat
1110 715 1185 773 occi·

152 805 254 864 edere.
296 803 424 878 creditis,
446 803 566 876 iudices,
590 803 669 878 quod
691 803 752 862 filio
771 822 836 863 meo
855 803 929 862 bene
947 805 1084 863 inimicus
1103 803 1186 876 velit,

177 896 263 969 pater
285 891 382 952 nolit?
426 891 565 967 profiteor
593 894 719 951 mortem
745 911 793 950 me
819 892 875 950 11111
897 894 956 951 mei
983 912 1042 952 non
1065 891 1186 968 quidem

178 983 267 1055 velle,
299 982 350 1042 sed
381 981 478 1040 malle.
533 999 585 1040 vos
618 983 747 1058 cogitate
784 983 895 1056 quanto
928 983 988 1040 sint
1019 982 1099 1040 mala
1130 981 1186 1039 illa

178 1073 317 1148 graviora
347 1089 471 1145 quorum
501 1073 570 1130 sunt
604 1072 696 1128 etiam
726 1070 857 1130 remedia
891 1071 1029 1130 crudelia.
1082 1090 1099 1130 o
1127 1068 1185 1127 fiii!

177 1179 290 1219 morere
314 1161 491 1234 constanter,
514 1160 562 1218 fac
584 1159 639 1218 hoc
663 1161 768 1218 saitem
792 1161 877 1235 quasi
899 1179 983 1219 meus
1006 1159 1092 1219 filius.

125 1389 164 1446 oc
584 1383 772 1450 XXXVII.

139 1554 164 1591 11
336 1525 453 1592 IIIIus
476 1526 678 1593 meretricis
701 1543 785 1592 suae
808 1526 1024 1610 redemptor.

178 1674 317 1734 Diversae
345 1677 513 1735 meretrices
542 1676 682 1735 amabant
710 1678 797 1751 pater
824 1678 855 1734 et
881 1675 969 1736 filius,
1014 1677 1100 1750 pater
1121 1674 1184 1734 filio

221 1765 377 1838 pecuniam
396 1764 485 1838 dedit,
508 1785 527 1822 u
560 1767 691 1824 amatam
709 1766 804 1840 patris
824 1764 989 1823 redimeret.
1030 1764 1081 1822 ille
1100 1782 1184 1822 suam

220 1852 353 1912 redemit.
399 1852 561 1913 abdicatur.

138 2032 163 2072 15
244 2012 346 2072 Rideri
368 2033 424 2089 me,
446 2013 570 2089 iudices,
594 2013 737 2089 opinabar
760 2033 778 2072 a
801 2015 899 2089 patre,
923 2032 989 2072 cum
1013 2032 1043 2072 se
1066 2032 1185 2091 quoque

178 2121 278 2161 amare
301 2102 424 2162 dicebat.
469 2106 556 2178 pater
578 2103 658 2179 quod
681 2102 789 2178 patior,
812 2103 954 2179 agnoscit.
996 2103 1068 2179 quid
1086 2105 1118 2161 in
1135 2121 1185 2160 me

177 2194 263 2266 pater
284 2192 489 2267 reprehendat,
512 2193 623 2270 ignoro.
670 2196 700 2251 et
728 2191 886 2250 amandam
908 2193 1093 2250 meretricem
1116 2210 1183 2250 con·

178 2283 269 2339 sentit
292 2284 322 2339 et
340 2281 501 2340 emendam.
543 2280 654 2342 sciebas
672 2283 776 2356 utique
795 2279 868 2356 quid
887 2280 1015 2338 mallem.
1056 2281 1186 2356 imparia

178 2372 247 2428 sunt
269 2370 352 2430 nobis
375 2373 407 2429 in
430 2390 529 2429 amore
551 2373 701 2430 tormenta
722 2369 865 2446 primum,
888 2368 968 2444 quod
991 2388 1086 2443 amor,
1109 2369 1184 2428 velis

137 2457 262 2533 conclis,
284 2461 317 2517 in
339 2461 488 2519 senectute
511 2460 648 2538 frigidior
670 2463 722 2519 est.
755 2477 826 2513 *s*

124 2692 161 2748 er
575 2682 783 2750 XXXVIII.

366 2826 573 2892 Dementiae
597 2843 681 2893 rous
704 2825 867 2892 utribus
890 2825 988 2891 filiis.

175 2956 221 3014 Ex
236 2957 332 3016 tribus
347 2957 417 3017 filiis
434 2933 491 3016 dio
507 2960 623 3033 patrem
640 2958 805 3016 dementiae
826 2959 1039 3016 accusaverunt
1054 2960 1084 3016 et
1098 2975 1183 3031 supe-

220 3047 281 3105 rati
299 3047 458 3106 secundum
475 3047 571 3124 legem
589 3049 689 3122 puniti
707 3048 784 3106 sunt.
823 3047 929 3105 tertius
948 3047 1081 3104 institirit
1099 3063 1183 3104 accu-

102 3216 104 3220 .
137 3155 163 3196 ee
221 3143 294 3204 sape.
323 3135 421 3195 reddit
433 3137 519 3210 pater
533 3154 652 3195 causam
666 3138 770 3195 mortis
784 3136 977 3194 voluntariae.
1010 3133 1090 3193 filius
1105 3132 1182 3192 (1.1).

266 3305 645 3375 2egit:eritB;..eritv
700 3303 1014 3373 evelie03velitefl
1073 3303 1183 3372 deogi-

176 3378 237 3430 me
255 3384 299 3500 Idi
318 3448 470 3503 meretricis
487 3459 508 3502 ο
578 3454 611 3502 16
628 3447 723 3517 patior
738 3459 765 3502 s:
781 3447 875 3516 potior
888 3456 946 3501 Bc
1017 3451 1049 3500 18
1064 3445 1184 3514 imparia

176 3520 315 3573 Dcesaucr
332 3526 357 3575 et
378 3522 485 3576 Weber:
502 3520 583 3589 paria
601 3529 657 3574 Bo
727 3524 760 3574 20
778 3519 850 3573 nolis
872 3530 902 3573 o:
922 3518 990 3572 velis
1009 3527 1037 3570 Β

266 3595 298 3642 25
319 3605 403 3644 causa
423 3603 444 3646 ο
513 3590 680 3646 contradicit
697 3601 725 3644 Β
