<?xml version="1.0" encoding="UTF-8"?>
<!DOCTYPE html PUBLIC "-//W3C//DTD XHTML 1.0 Transitional//EN"
    "http://www.w3.org/TR/xhtml1/DTD/xhtml1-transitional.dtd">
<html xmlns="http://www.w3.org/1999/xhtml" xml:lang="en" lang="en">
 <head>
  <title>
</title>
<meta http-equiv="Content-Type" content="text/html;charset=utf-8" />
  <meta name='ocr-system' content='tesseract 3.04.00' />
  <meta name='ocr-capabilities' content='ocr_page ocr_carea ocr_par ocr_line ocrx_word'/>
</head>
<body>
  <div class='ocr_page' id='page_1' title='image "./calpvrniiflacci01flacgoog_0060.png"; bbox 0 0 2664 3920; ppageno 0'>
   <div class='ocr_carea' id='block_1_1' title="bbox 385 176 1153 242">
    <p class='ocr_par' dir='ltr' id='par_1_1' title="bbox 385 176 1153 242">
     <span class='ocr_line' id='line_1_1' title="bbox 385 176 1153 242; baseline 0 -12"><span class='ocrx_word' id='word_1_1' title='bbox 385 176 689 232; x_wconf 76' lang='lat' dir='ltr'>DECLAMATIONES</span> <span class='ocrx_word' id='word_1_2' title='bbox 709 177 913 233; x_wconf 88' lang='lat' dir='ltr'>XXXVI-XL.</span> <span class='ocrx_word' id='word_1_3' title='bbox 1112 177 1153 242; x_wconf 85' lang='lat'>31</span> 
     </span>
    </p>
   </div>
   <div class='ocr_carea' id='block_1_2' title="bbox 142 345 1182 851">
    <p class='ocr_par' dir='ltr' id='par_1_2' title="bbox 142 345 1182 851">
     <span class='ocr_line' id='line_1_2' title="bbox 210 345 1155 422; baseline -0.003 -16"><span class='ocrx_word' id='word_1_4' title='bbox 210 345 288 416; x_wconf 82' lang='lat' dir='ltr'>Quid</span> <span class='ocrx_word' id='word_1_5' title='bbox 310 350 373 406; x_wconf 86' lang='lat' dir='ltr'>tam</span> <span class='ocrx_word' id='word_1_6' title='bbox 395 347 496 422; x_wconf 88' lang='lat' dir='ltr'>potest</span> <span class='ocrx_word' id='word_1_7' title='bbox 518 363 580 405; x_wconf 87' lang='lat' dir='ltr'>esse</span> <span class='ocrx_word' id='word_1_8' title='bbox 599 345 777 406; x_wconf 79' lang='lat' dir='ltr'>adversum?</span> <span class='ocrx_word' id='word_1_9' title='bbox 799 349 862 406; x_wconf 89' lang='lat' dir='ltr'>eius</span> <span class='ocrx_word' id='word_1_10' title='bbox 884 345 934 405; x_wconf 89' lang='lat' dir='ltr'>hic</span> <span class='ocrx_word' id='word_1_11' title='bbox 958 345 994 404; x_wconf 86' lang='lat' dir='ltr'>ub</span> <span class='ocrx_word' id='word_1_12' title='bbox 1018 365 1052 404; x_wconf 90' lang='lat' dir='ltr'>eo</span> <span class='ocrx_word' id='word_1_13' title='bbox 1075 364 1155 404; x_wconf 86' lang='lat' dir='ltr'>mors</span> 
     </span>
     <span class='ocr_line' id='line_1_3' title="bbox 143 432 1156 512; baseline -0.003 -17"><span class='ocrx_word' id='word_1_14' title='bbox 143 435 306 512; x_wconf 78' lang='lat' dir='ltr'>impeditur</span> <span class='ocrx_word' id='word_1_15' title='bbox 328 437 412 495; x_wconf 87' lang='lat' dir='ltr'>cuius</span> <span class='ocrx_word' id='word_1_16' title='bbox 435 435 467 494; x_wconf 89' lang='lat' dir='ltr'>in</span> <span class='ocrx_word' id='word_1_17' title='bbox 490 436 584 494; x_wconf 79' lang='lat' dir='ltr'>altero</span> <span class='ocrx_word' id='word_1_18' title='bbox 611 435 722 494; x_wconf 89' lang='lat' dir='ltr'>iudicio</span> <span class='ocrx_word' id='word_1_19' title='bbox 750 437 816 495; x_wconf 78' lang='lat' dir='ltr'>vita</span> <span class='ocrx_word' id='word_1_20' title='bbox 837 432 1084 510; x_wconf 70' lang='lat' dir='ltr'>reprehenditur?</span> <span class='ocrx_word' id='word_1_21' title='bbox 1123 436 1156 493; x_wconf 90' lang='lat' dir='ltr'>in</span> 
     </span>
     <span class='ocr_line' id='line_1_4' title="bbox 142 522 1154 600; baseline -0.003 -16"><span class='ocrx_word' id='word_1_22' title='bbox 142 525 213 599; x_wconf 81' lang='lat' dir='ltr'>illis,</span> <span class='ocrx_word' id='word_1_23' title='bbox 235 525 267 583; x_wconf 88' lang='lat' dir='ltr'>P.</span> <span class='ocrx_word' id='word_1_24' title='bbox 288 522 328 599; x_wconf 72' lang='lat'>0,</span> <span class='ocrx_word' id='word_1_25' title='bbox 345 524 463 584; x_wconf 87' lang='lat' dir='ltr'>iudiciis</span> <span class='ocrx_word' id='word_1_26' title='bbox 483 526 602 600; x_wconf 76' lang='lat' dir='ltr'>gravior</span> <span class='ocrx_word' id='word_1_27' title='bbox 619 524 695 582; x_wconf 93' lang='lat' dir='ltr'>mihi</span> <span class='ocrx_word' id='word_1_28' title='bbox 712 525 771 582; x_wconf 87' lang='lat' dir='ltr'>fuit</span> <span class='ocrx_word' id='word_1_29' title='bbox 789 524 923 582; x_wconf 79' lang='lat' dir='ltr'>vindicta</span> <span class='ocrx_word' id='word_1_30' title='bbox 942 543 1032 598; x_wconf 83' lang='lat' dir='ltr'>quum</span> <span class='ocrx_word' id='word_1_31' title='bbox 1050 541 1154 598; x_wconf 83' lang='lat' dir='ltr'>poene.</span> 
     </span>
     <span class='ocr_line' id='line_1_5' title="bbox 142 612 1155 687; baseline -0.003 -14"><span class='ocrx_word' id='word_1_32' title='bbox 142 632 222 673; x_wconf 86' lang='lat' dir='ltr'>mors</span> <span class='ocrx_word' id='word_1_33' title='bbox 241 614 361 673; x_wconf 77' lang='lat' dir='ltr'>euobis</span> <span class='ocrx_word' id='word_1_34' title='bbox 385 613 505 673; x_wconf 78' lang='lat' dir='ltr'>dubitur</span> <span class='ocrx_word' id='word_1_35' title='bbox 523 615 586 672; x_wconf 83' lang='lat' dir='ltr'>sive</span> <span class='ocrx_word' id='word_1_36' title='bbox 605 613 735 672; x_wconf 87' lang='lat' dir='ltr'>dementi</span> <span class='ocrx_word' id='word_1_37' title='bbox 752 612 917 672; x_wconf 84' lang='lat' dir='ltr'>remedium</span> <span class='ocrx_word' id='word_1_38' title='bbox 939 614 1002 673; x_wconf 83' lang='lat' dir='ltr'>sive</span> <span class='ocrx_word' id='word_1_39' title='bbox 1025 613 1155 687; x_wconf 82' lang='lat' dir='ltr'>cupienti</span> 
     </span>
     <span class='ocr_line' id='line_1_6' title="bbox 143 701 1182 776; baseline -0.002 -14"><span class='ocrx_word' id='word_1_40' title='bbox 143 703 294 762; x_wconf 76' lang='lat' dir='ltr'>solacium.</span> <span class='ocrx_word' id='word_1_41' title='bbox 339 705 449 762; x_wconf 77' lang='lat' dir='ltr'>nature</span> <span class='ocrx_word' id='word_1_42' title='bbox 471 702 546 760; x_wconf 85' lang='lat' dir='ltr'>mihi</span> <span class='ocrx_word' id='word_1_43' title='bbox 562 704 624 761; x_wconf 86' lang='lat' dir='ltr'>tres</span> <span class='ocrx_word' id='word_1_44' title='bbox 641 701 750 761; x_wconf 85' lang='lat' dir='ltr'>liberos</span> <span class='ocrx_word' id='word_1_45' title='bbox 770 702 861 776; x_wconf 80' lang='lat' dir='ltr'>dedit,</span> <span class='ocrx_word' id='word_1_46' title='bbox 883 701 1063 776; x_wconf 80' lang='lat' dir='ltr'>fcituncque</span> <span class='ocrx_word' id='word_1_47' title='bbox 1081 701 1182 760; x_wconf 76' lang='lat' dir='ltr'>duosc</span> 
     </span>
     <span class='ocr_line' id='line_1_7' title="bbox 143 788 1154 851; baseline -0.003 -1"><span class='ocrx_word' id='word_1_48' title='bbox 143 793 271 851; x_wconf 87' lang='lat' dir='ltr'>sustulit.</span> <span class='ocrx_word' id='word_1_49' title='bbox 308 792 463 851; x_wconf 76' lang='lat' dir='ltr'>videturne</span> <span class='ocrx_word' id='word_1_50' title='bbox 482 790 566 851; x_wconf 85' lang='lat' dir='ltr'>vobis</span> <span class='ocrx_word' id='word_1_51' title='bbox 584 793 664 850; x_wconf 78' lang='lat' dir='ltr'>iusta</span> <span class='ocrx_word' id='word_1_52' title='bbox 687 809 776 850; x_wconf 84' lang='lat' dir='ltr'>cuusu</span> <span class='ocrx_word' id='word_1_53' title='bbox 795 809 858 850; x_wconf 86' lang='lat' dir='ltr'>csse</span> <span class='ocrx_word' id='word_1_54' title='bbox 876 788 1040 849; x_wconf 86' lang='lat' dir='ltr'>moriendi?</span> <span class='ocrx_word' id='word_1_55' title='bbox 1063 792 1154 847; x_wconf 91' lang='lat' dir='ltr'>immo</span> 
     </span>
    </p>
   </div>
   <div class='ocr_carea' id='block_1_3' title="bbox 141 899 298 940">
    <p class='ocr_par' dir='ltr' id='par_1_3' title="bbox 141 899 298 940">
     <span class='ocr_line' id='line_1_8' title="bbox 141 899 298 940; baseline -0.006 -1"><span class='ocrx_word' id='word_1_56' title='bbox 141 900 203 939; x_wconf 75' lang='lat' dir='ltr'>lam</span> <span class='ocrx_word' id='word_1_57' title='bbox 225 899 298 940; x_wconf 79' lang='lat' dir='ltr'>scra.</span> 
     </span>
    </p>
   </div>
   <div class='ocr_carea' id='block_1_4' title="bbox 305 1031 1209 1255">
    <p class='ocr_par' dir='ltr' id='par_1_4' title="bbox 305 1031 1209 1255">
     <span class='ocr_line' id='line_1_9' title="bbox 562 1031 1209 1100; baseline -0.014 1"><span class='ocrx_word' id='word_1_58' title='bbox 562 1031 736 1100; x_wconf 82' lang='lat' dir='ltr'>XXXIX.</span> <span class='ocrx_word' id='word_1_59' title='bbox 1170 1037 1209 1093; x_wconf 80' lang='lat' dir='ltr'>ce</span> 
     </span>
     <span class='ocr_line' id='line_1_10' title="bbox 305 1174 997 1255; baseline 0.001 -15"><span class='ocrx_word' id='word_1_60' title='bbox 305 1174 428 1243; x_wconf 80' lang='lat' dir='ltr'>Fortis</span> <span class='ocrx_word' id='word_1_61' title='bbox 451 1175 522 1242; x_wconf 81' lang='lat' dir='ltr'>viri</span> <span class='ocrx_word' id='word_1_62' title='bbox 545 1176 643 1242; x_wconf 87' lang='lat' dir='ltr'>tilius</span> <span class='ocrx_word' id='word_1_63' title='bbox 665 1175 821 1255; x_wconf 81' lang='lat' dir='ltr'>tyranno</span> <span class='ocrx_word' id='word_1_64' title='bbox 846 1174 997 1241; x_wconf 70' lang='lat' dir='ltr'>deditun</span> 
     </span>
    </p>
   </div>
   <div class='ocr_carea' id='block_1_5' title="bbox 143 1321 1197 1577">
    <p class='ocr_par' dir='ltr' id='par_1_5' title="bbox 143 1321 1197 1577">
     <span class='ocr_line' id='line_1_11' title="bbox 143 1321 1197 1399; baseline 0 -17"><span class='ocrx_word' id='word_1_65' title='bbox 143 1324 284 1384; x_wconf 84' lang='lat' dir='ltr'>Absentic</span> <span class='ocrx_word' id='word_1_66' title='bbox 307 1327 365 1383; x_wconf 88' lang='lat' dir='ltr'>viri</span> <span class='ocrx_word' id='word_1_67' title='bbox 387 1325 474 1384; x_wconf 86' lang='lat' dir='ltr'>fortis</span> <span class='ocrx_word' id='word_1_68' title='bbox 492 1325 587 1384; x_wconf 89' lang='lat' dir='ltr'>filium</span> <span class='ocrx_word' id='word_1_69' title='bbox 609 1327 755 1399; x_wconf 80' lang='lat' dir='ltr'>tyrannus</span> <span class='ocrx_word' id='word_1_70' title='bbox 773 1324 851 1398; x_wconf 86' lang='lat' dir='ltr'>petit</span> <span class='ocrx_word' id='word_1_71' title='bbox 873 1322 930 1381; x_wconf 88' lang='lat' dir='ltr'>sibi</span> <span class='ocrx_word' id='word_1_72' title='bbox 952 1321 1022 1380; x_wconf 90' lang='lat' dir='ltr'>dcdi</span> <span class='ocrx_word' id='word_1_73' title='bbox 1044 1322 1197 1382; x_wconf 86' lang='lat' dir='ltr'>denun·1c</span> 
     </span>
     <span class='ocr_line' id='line_1_12' title="bbox 187 1410 1155 1490; baseline -0.004 -18"><span class='ocrx_word' id='word_1_74' title='bbox 187 1415 268 1472; x_wconf 77' lang='lat' dir='ltr'>tiens</span> <span class='ocrx_word' id='word_1_75' title='bbox 297 1413 416 1473; x_wconf 87' lang='lat' dir='ltr'>bellum.</span> <span class='ocrx_word' id='word_1_76' title='bbox 465 1416 588 1490; x_wconf 82' lang='lat' dir='ltr'>accepit.</span> <span class='ocrx_word' id='word_1_77' title='bbox 635 1431 769 1490; x_wconf 84' lang='lat' dir='ltr'>regresso</span> <span class='ocrx_word' id='word_1_78' title='bbox 803 1431 836 1471; x_wconf 87' lang='lat' dir='ltr'>eo</span> <span class='ocrx_word' id='word_1_79' title='bbox 871 1411 1012 1471; x_wconf 76' lang='lat' dir='ltr'>suadetur</span> <span class='ocrx_word' id='word_1_80' title='bbox 1045 1410 1155 1469; x_wconf 88' lang='lat' dir='ltr'>bellum</span> 
     </span>
     <span class='ocr_line' id='line_1_13' title="bbox 189 1501 847 1577; baseline -0.003 -17"><span class='ocrx_word' id='word_1_81' title='bbox 189 1504 318 1577; x_wconf 79' lang='lat' dir='ltr'><strong>tyranno</strong></span> <span class='ocrx_word' id='word_1_82' title='bbox 341 1501 441 1562; x_wconf 86' lang='lat' dir='ltr'>indici.</span> <span class='ocrx_word' id='word_1_83' title='bbox 483 1505 530 1561; x_wconf 89' lang='lat' dir='ltr'>vir</span> <span class='ocrx_word' id='word_1_84' title='bbox 552 1502 638 1560; x_wconf 75' lang='lat' dir='ltr'>fortis</span> <span class='ocrx_word' id='word_1_85' title='bbox 661 1501 847 1561; x_wconf 73' lang='lat' dir='ltr'>contradicit.</span> 
     </span>
    </p>
   </div>
   <div class='ocr_carea' id='block_1_6' title="bbox 143 1678 1195 2273">
    <p class='ocr_par' dir='ltr' id='par_1_6' title="bbox 143 1678 1195 2273">
     <span class='ocr_line' id='line_1_14' title="bbox 212 1678 1154 1750; baseline -0.003 -13"><span class='ocrx_word' id='word_1_86' title='bbox 212 1678 358 1738; x_wconf 83' lang='lat' dir='ltr'>Profiteor</span> <span class='ocrx_word' id='word_1_87' title='bbox 375 1699 423 1738; x_wconf 87' lang='lat' dir='ltr'>me</span> <span class='ocrx_word' id='word_1_88' title='bbox 445 1679 542 1739; x_wconf 90' lang='lat' dir='ltr'>filium</span> <span class='ocrx_word' id='word_1_89' title='bbox 563 1698 617 1738; x_wconf 88' lang='lat' dir='ltr'>ncc</span> <span class='ocrx_word' id='word_1_90' title='bbox 636 1679 802 1739; x_wconf 79' lang='lat' dir='ltr'>desiderare</span> <span class='ocrx_word' id='word_1_91' title='bbox 821 1698 874 1738; x_wconf 90' lang='lat' dir='ltr'>nec</span> <span class='ocrx_word' id='word_1_92' title='bbox 894 1678 1010 1738; x_wconf 80' lang='lat' dir='ltr'>habere.</span> <span class='ocrx_word' id='word_1_93' title='bbox 1048 1679 1154 1750; x_wconf 85' lang='lat' dir='ltr'>nesci0,</span> 
     </span>
     <span class='ocr_line' id='line_1_15' title="bbox 145 1767 1154 1844; baseline -0.002 -18"><span class='ocrx_word' id='word_1_94' title='bbox 145 1788 184 1826; x_wconf 83' lang='lat' dir='ltr'>cn</span> <span class='ocrx_word' id='word_1_95' title='bbox 207 1767 397 1827; x_wconf 79' lang='lat' dir='ltr'>bochellum</span> <span class='ocrx_word' id='word_1_96' title='bbox 420 1768 567 1826; x_wconf 84' lang='lat' dir='ltr'>fueritin</span> <span class='ocrx_word' id='word_1_97' title='bbox 591 1771 725 1844; x_wconf 86' lang='lat' dir='ltr'>tempore</span> <span class='ocrx_word' id='word_1_98' title='bbox 748 1788 800 1828; x_wconf 88' lang='lat' dir='ltr'>suo</span> <span class='ocrx_word' id='word_1_99' title='bbox 824 1771 948 1842; x_wconf 84' lang='lat' dir='ltr'>iustum,</span> <span class='ocrx_word' id='word_1_100' title='bbox 975 1786 1053 1825; x_wconf 90' lang='lat' dir='ltr'>nunc</span> <span class='ocrx_word' id='word_1_101' title='bbox 1076 1768 1154 1825; x_wconf 85' lang='lat' dir='ltr'>certe</span> 
     </span>
     <span class='ocr_line' id='line_1_16' title="bbox 144 1850 1195 1932; baseline -0.001 -17"><span class='ocrx_word' id='word_1_102' title='bbox 144 1859 243 1932; x_wconf 89' lang='lat' dir='ltr'>coepit</span> <span class='ocrx_word' id='word_1_103' title='bbox 272 1875 333 1917; x_wconf 84' lang='lat' dir='ltr'>esse</span> <span class='ocrx_word' id='word_1_104' title='bbox 361 1858 422 1916; x_wconf 80' lang='lat' dir='ltr'>ium</span> <span class='ocrx_word' id='word_1_105' title='bbox 452 1875 557 1916; x_wconf 84' lang='lat' dir='ltr'>serum.</span> <span class='ocrx_word' id='word_1_106' title='bbox 605 1853 649 1916; x_wconf 79' lang='lat' dir='ltr'>‘at</span> <span class='ocrx_word' id='word_1_107' title='bbox 678 1860 757 1916; x_wconf 87' lang='lat' dir='ltr'>cuim</span> <span class='ocrx_word' id='word_1_108' title='bbox 786 1857 865 1916; x_wconf 88' lang='lat' dir='ltr'>filius</span> <span class='ocrx_word' id='word_1_109' title='bbox 892 1858 951 1916; x_wconf 85' lang='lat' dir='ltr'>viri</span> <span class='ocrx_word' id='word_1_110' title='bbox 978 1857 1064 1914; x_wconf 80' lang='lat' dir='ltr'>fortis</span> <span class='ocrx_word' id='word_1_111' title='bbox 1088 1850 1153 1914; x_wconf 82' lang='lat' dir='ltr'>eet’</span> <span class='ocrx_word' id='word_1_112' title='bbox 1169 1874 1195 1914; x_wconf 81' lang='lat'>15</span> 
     </span>
     <span class='ocr_line' id='line_1_17' title="bbox 144 1944 1154 2020; baseline -0.002 -18"><span class='ocrx_word' id='word_1_113' title='bbox 144 1944 238 2020; x_wconf 83' lang='lat' dir='ltr'>quid?</span> <span class='ocrx_word' id='word_1_114' title='bbox 265 1946 321 2004; x_wconf 89' lang='lat' dir='ltr'>hoc</span> <span class='ocrx_word' id='word_1_115' title='bbox 343 1965 404 2004; x_wconf 92' lang='lat' dir='ltr'>non</span> <span class='ocrx_word' id='word_1_116' title='bbox 431 1949 508 2019; x_wconf 77' lang='lat' dir='ltr'>crat,</span> <span class='ocrx_word' id='word_1_117' title='bbox 535 1965 602 2004; x_wconf 90' lang='lat' dir='ltr'>cum</span> <span class='ocrx_word' id='word_1_118' title='bbox 625 1944 774 2006; x_wconf 75' lang='lat' dir='ltr'>debatur?</span> <span class='ocrx_word' id='word_1_119' title='bbox 803 1945 898 2006; x_wconf 88' lang='lat' dir='ltr'>ofilil</span> <span class='ocrx_word' id='word_1_120' title='bbox 928 1947 1076 2005; x_wconf 81' lang='lat' dir='ltr'>situmen</span> <span class='ocrx_word' id='word_1_121' title='bbox 1099 1944 1154 2001; x_wconf 91' lang='lat' dir='ltr'>hoc</span> 
     </span>
     <span class='ocr_line' id='line_1_18' title="bbox 144 2033 1153 2110; baseline -0.001 -18"><span class='ocrx_word' id='word_1_122' title='bbox 144 2052 251 2093; x_wconf 88' lang='lat' dir='ltr'>nomen</span> <span class='ocrx_word' id='word_1_123' title='bbox 275 2035 353 2109; x_wconf 91' lang='lat' dir='ltr'>quod</span> <span class='ocrx_word' id='word_1_124' title='bbox 381 2037 490 2094; x_wconf 78' lang='lat' dir='ltr'>nutura</span> <span class='ocrx_word' id='word_1_125' title='bbox 516 2033 610 2110; x_wconf 85' lang='lat' dir='ltr'>dedit,</span> <span class='ocrx_word' id='word_1_126' title='bbox 638 2036 758 2094; x_wconf 77' lang='lat' dir='ltr'>fortune</span> <span class='ocrx_word' id='word_1_127' title='bbox 781 2054 841 2093; x_wconf 94' lang='lat' dir='ltr'>non</span> <span class='ocrx_word' id='word_1_128' title='bbox 864 2034 1001 2107; x_wconf 78' lang='lat' dir='ltr'>abstulit,</span> <span class='ocrx_word' id='word_1_129' title='bbox 1028 2051 1153 2110; x_wconf 81' lang='lat' dir='ltr'>cgnoscc</span> 
     </span>
     <span class='ocr_line' id='line_1_19' title="bbox 143 2121 1153 2197; baseline -0.001 -16"><span class='ocrx_word' id='word_1_130' title='bbox 143 2125 173 2182; x_wconf 87' lang='lat' dir='ltr'>te</span> <span class='ocrx_word' id='word_1_131' title='bbox 196 2123 290 2181; x_wconf 89' lang='lat' dir='ltr'>filium</span> <span class='ocrx_word' id='word_1_132' title='bbox 314 2126 372 2182; x_wconf 86' lang='lat' dir='ltr'>viri</span> <span class='ocrx_word' id='word_1_133' title='bbox 394 2124 488 2182; x_wconf 75' lang='lat' dir='ltr'>fortis.</span> <span class='ocrx_word' id='word_1_134' title='bbox 530 2127 616 2184; x_wconf 85' lang='lat' dir='ltr'>vince</span> <span class='ocrx_word' id='word_1_135' title='bbox 638 2124 778 2196; x_wconf 83' lang='lat' dir='ltr'>feliciter,</span> <span class='ocrx_word' id='word_1_136' title='bbox 801 2122 833 2180; x_wconf 93' lang='lat' dir='ltr'>id</span> <span class='ocrx_word' id='word_1_137' title='bbox 856 2125 913 2182; x_wconf 87' lang='lat' dir='ltr'>cst:</span> <span class='ocrx_word' id='word_1_138' title='bbox 940 2124 1005 2197; x_wconf 85' lang='lat' dir='ltr'>peri</span> <span class='ocrx_word' id='word_1_139' title='bbox 1027 2121 1153 2180; x_wconf 83' lang='lat' dir='ltr'>fortiter.</span> 
     </span>
     <span class='ocr_line' id='line_1_20' title="bbox 144 2212 789 2273; baseline -0.003 -2"><span class='ocrx_word' id='word_1_140' title='bbox 144 2212 217 2271; x_wconf 81' lang='lat' dir='ltr'>haec</span> <span class='ocrx_word' id='word_1_141' title='bbox 240 2215 285 2272; x_wconf 91' lang='lat' dir='ltr'>est</span> <span class='ocrx_word' id='word_1_142' title='bbox 307 2215 386 2272; x_wconf 86' lang='lat' dir='ltr'>enim</span> <span class='ocrx_word' id='word_1_143' title='bbox 409 2215 463 2272; x_wconf 88' lang='lat' dir='ltr'>tuu</span> <span class='ocrx_word' id='word_1_144' title='bbox 485 2215 546 2272; x_wconf 82' lang='lat' dir='ltr'>ium</span> <span class='ocrx_word' id='word_1_145' title='bbox 569 2214 633 2273; x_wconf 78' lang='lat' dir='ltr'><strong>sola</strong></span> <span class='ocrx_word' id='word_1_146' title='bbox 655 2213 789 2271; x_wconf 73' lang='lat' dir='ltr'>victon&#39;u</span> 
     </span>
    </p>
   </div>
   <div class='ocr_carea' id='block_1_7' title="bbox 373 2452 1208 2680">
    <p class='ocr_par' dir='ltr' id='par_1_7' title="bbox 373 2452 1208 2680">
     <span class='ocr_line' id='line_1_21' title="bbox 607 2452 1208 2522; baseline -0.012 -2"><span class='ocrx_word' id='word_1_147' title='bbox 607 2452 684 2522; x_wconf 81' lang='lat' dir='ltr'>XL.</span> <span class='ocrx_word' id='word_1_148' title='bbox 906 2452 909 2489; x_wconf 80' lang='lat'><strong>¹</strong></span> <span class='ocrx_word' id='word_1_149' title='bbox 1168 2458 1208 2514; x_wconf 83' lang='lat' dir='ltr'>ce</span> 
     </span>
     <span class='ocr_line' id='line_1_22' title="bbox 373 2595 1194 2680; baseline -0.004 -17"><span class='ocrx_word' id='word_1_150' title='bbox 373 2595 559 2680; x_wconf 72' lang='lat' dir='ltr'>Morietur,</span> <span class='ocrx_word' id='word_1_151' title='bbox 583 2596 773 2678; x_wconf 82' lang='lat' dir='ltr'>antequam</span> <span class='ocrx_word' id='word_1_152' title='bbox 795 2595 919 2662; x_wconf 81' lang='lat' dir='ltr'>nubut.</span> <span class='ocrx_word' id='word_1_153' title='bbox 1168 2622 1194 2661; x_wconf 65' lang='grc' dir='ltr'>ει</span> 
     </span>
    </p>
   </div>
   <div class='ocr_carea' id='block_1_8' title="bbox 144 2743 1153 2999">
    <p class='ocr_par' dir='ltr' id='par_1_8' title="bbox 144 2743 1153 2999">
     <span class='ocr_line' id='line_1_23' title="bbox 144 2743 1153 2820; baseline 0.001 -19"><span class='ocrx_word' id='word_1_154' title='bbox 144 2743 308 2802; x_wconf 80' lang='lat' dir='ltr'>Vnunnmu</span> <span class='ocrx_word' id='word_1_155' title='bbox 331 2762 378 2802; x_wconf 70' lang='lat' dir='ltr'>mu</span> <span class='ocrx_word' id='word_1_156' title='bbox 400 2762 502 2804; x_wconf 75' lang='lat' dir='ltr'>Acuuo.</span> <span class='ocrx_word' id='word_1_157' title='bbox 549 2745 719 2804; x_wconf 77' lang='lat' dir='ltr'>adulescens</span> <span class='ocrx_word' id='word_1_158' title='bbox 742 2747 819 2820; x_wconf 88' lang='lat' dir='ltr'>petit</span> <span class='ocrx_word' id='word_1_159' title='bbox 841 2745 963 2820; x_wconf 80' lang='lat' dir='ltr'>nuptias</span> <span class='ocrx_word' id='word_1_160' title='bbox 986 2745 1112 2820; x_wconf 79' lang='lat' dir='ltr'>virginis</span> <span class='ocrx_word' id='word_1_161' title='bbox 1135 2763 1153 2802; x_wconf 80' lang='lat' dir='ltr'>a</span> 
     </span>
     <span class='ocr_line' id='line_1_24' title="bbox 188 2832 1153 2912; baseline 0 -22"><span class='ocrx_word' id='word_1_162' title='bbox 188 2835 282 2908; x_wconf 87' lang='lat' dir='ltr'>putre.</span> <span class='ocrx_word' id='word_1_163' title='bbox 323 2836 409 2907; x_wconf 81' lang='lat' dir='ltr'>pater</span> <span class='ocrx_word' id='word_1_164' title='bbox 427 2836 552 2912; x_wconf 83' lang='lat' dir='ltr'>virginis</span> <span class='ocrx_word' id='word_1_165' title='bbox 571 2834 609 2892; x_wconf 84' lang='lat' dir='ltr'>cd</span> <span class='ocrx_word' id='word_1_166' title='bbox 627 2853 748 2893; x_wconf 85' lang='lat' dir='ltr'>uxorem</span> <span class='ocrx_word' id='word_1_167' title='bbox 766 2834 878 2893; x_wconf 85' lang='lat' dir='ltr'>retulit.</span> <span class='ocrx_word' id='word_1_168' title='bbox 914 2834 968 2891; x_wconf 79' lang='lat' dir='ltr'>iila</span> <span class='ocrx_word' id='word_1_169' title='bbox 987 2832 1153 2908; x_wconf 86' lang='lat' dir='ltr'>respondit:</span> 
     </span>
     <span class='ocr_line' id='line_1_25' title="bbox 191 2917 1153 2999; baseline -0.001 -20"><span class='ocrx_word' id='word_1_170' title='bbox 191 2917 272 2980; x_wconf 77' lang='lat' dir='ltr'>‘ante</span> <span class='ocrx_word' id='word_1_171' title='bbox 301 2924 443 2981; x_wconf 87' lang='lat' dir='ltr'>morietur</span> <span class='ocrx_word' id='word_1_172' title='bbox 473 2943 563 2999; x_wconf 81' lang='lat' dir='ltr'>quum</span> <span class='ocrx_word' id='word_1_173' title='bbox 597 2924 644 2981; x_wconf 79' lang='lat' dir='ltr'>flu·</span> <span class='ocrx_word' id='word_1_174' title='bbox 673 2919 789 2982; x_wconf 81' lang='lat' dir='ltr'>nubct’.</span> <span class='ocrx_word' id='word_1_175' title='bbox 841 2925 927 2997; x_wconf 84' lang='lat' dir='ltr'>puter</span> <span class='ocrx_word' id='word_1_176' title='bbox 957 2921 1052 2979; x_wconf 83' lang='lat' dir='ltr'>eidem</span> <span class='ocrx_word' id='word_1_177' title='bbox 1082 2921 1153 2979; x_wconf 80' lang='lat' dir='ltr'>adu-</span> 
     </span>
    </p>
   </div>
   <div class='ocr_carea' id='block_1_9' title="bbox 143 3126 1155 3625">
    <p class='ocr_par' dir='ltr' id='par_1_9' title="bbox 143 3126 1154 3337">
     <span class='ocr_line' id='line_1_26' title="bbox 234 3126 1154 3182; baseline 0.001 -4"><span class='ocrx_word' id='word_1_178' title='bbox 234 3131 248 3178; x_wconf 94' lang='lat'>1</span> <span class='ocrx_word' id='word_1_179' title='bbox 268 3142 378 3180; x_wconf 83' lang='lat' dir='ltr'>versum</span> <span class='ocrx_word' id='word_1_180' title='bbox 396 3136 450 3180; x_wconf 76' lang='grc' dir='ltr'>Βο</span> <span class='ocrx_word' id='word_1_181' title='bbox 533 3128 568 3182; x_wconf 83' lang='lat' dir='ltr'>cb</span> <span class='ocrx_word' id='word_1_182' title='bbox 588 3144 632 3182; x_wconf 82' lang='lat' dir='ltr'>ce:</span> <span class='ocrx_word' id='word_1_183' title='bbox 651 3127 742 3182; x_wconf 82' lang='lat' dir='ltr'>habco</span> <span class='ocrx_word' id='word_1_184' title='bbox 763 3139 784 3182; x_wconf 80' lang='lat' dir='ltr'>c</span> <span class='ocrx_word' id='word_1_185' title='bbox 867 3126 947 3180; x_wconf 76' lang='lat' dir='ltr'>2vie</span> <span class='ocrx_word' id='word_1_186' title='bbox 968 3137 988 3180; x_wconf 81' lang='grc' dir='ltr'><em>ο</em></span> <span class='ocrx_word' id='word_1_187' title='bbox 1074 3132 1091 3179; x_wconf 82' lang='lat'>4</span> <span class='ocrx_word' id='word_1_188' title='bbox 1110 3141 1154 3179; x_wconf 82' lang='lat' dir='ltr'>sa-</span> 
     </span>
     <span class='ocr_line' id='line_1_27' title="bbox 143 3197 1153 3267; baseline -0.002 -16"><span class='ocrx_word' id='word_1_189' title='bbox 143 3198 235 3266; x_wconf 87' lang='lat' dir='ltr'>pienti</span> <span class='ocrx_word' id='word_1_190' title='bbox 253 3197 400 3252; x_wconf 77' lang='lat' dir='ltr'>solacium:</span> <span class='ocrx_word' id='word_1_191' title='bbox 420 3198 555 3267; x_wconf 80' lang='lat' dir='ltr'>sapientis</span> <span class='ocrx_word' id='word_1_192' title='bbox 574 3200 672 3254; x_wconf 75' lang='lat' dir='ltr'>dutum</span> <span class='ocrx_word' id='word_1_193' title='bbox 688 3208 742 3252; x_wconf 78' lang='lat' dir='ltr'>Bc</span> <span class='ocrx_word' id='word_1_194' title='bbox 829 3198 1031 3266; x_wconf 72' lang='lat' dir='ltr'>dfertuncque</span> <span class='ocrx_word' id='word_1_195' title='bbox 1051 3210 1078 3251; x_wconf 69' lang='lat' dir='ltr'>e:</span> <span class='ocrx_word' id='word_1_196' title='bbox 1098 3197 1153 3251; x_wconf 88' lang='lat' dir='ltr'>fcr-</span> 
     </span>
     <span class='ocr_line' id='line_1_28' title="bbox 144 3270 859 3337; baseline 0.001 -16"><span class='ocrx_word' id='word_1_197' title='bbox 144 3271 213 3322; x_wconf 81' lang='lat' dir='ltr'>tunc</span> <span class='ocrx_word' id='word_1_198' title='bbox 232 3285 317 3337; x_wconf 82' lang='lat' dir='ltr'>quum</span> <span class='ocrx_word' id='word_1_199' title='bbox 337 3280 367 3337; x_wconf 71' lang='lat'>03</span> <span class='ocrx_word' id='word_1_200' title='bbox 385 3270 498 3323; x_wconf 75' lang='lat' dir='ltr'>fortune</span> <span class='ocrx_word' id='word_1_201' title='bbox 516 3280 544 3323; x_wconf 99' lang='grc' dir='ltr'><em>Β</em></span> <span class='ocrx_word' id='word_1_202' title='bbox 614 3277 629 3324; x_wconf 83' lang='grc'><strong>6</strong></span> <span class='ocrx_word' id='word_1_203' title='bbox 649 3286 709 3324; x_wconf 81' lang='lat' dir='ltr'>csse</span> <span class='ocrx_word' id='word_1_204' title='bbox 728 3286 813 3324; x_wconf 80' lang='lat' dir='ltr'>causa</span> <span class='ocrx_word' id='word_1_205' title='bbox 831 3279 859 3322; x_wconf 99' lang='grc' dir='ltr'><em>Β</em></span> 
     </span>
    </p>

    <p class='ocr_par' dir='ltr' id='par_1_10' title="bbox 144 3339 1155 3551">
     <span class='ocr_line' id='line_1_29' title="bbox 233 3339 1155 3410; baseline 0.001 -17"><span class='ocrx_word' id='word_1_206' title='bbox 233 3347 249 3393; x_wconf 82' lang='grc'>9</span> <span class='ocrx_word' id='word_1_207' title='bbox 268 3342 380 3395; x_wconf 74' lang='lat' dir='ltr'>titulum</span> <span class='ocrx_word' id='word_1_208' title='bbox 398 3358 448 3395; x_wconf 85' lang='lat' dir='ltr'>om.</span> <span class='ocrx_word' id='word_1_209' title='bbox 467 3350 520 3395; x_wconf 78' lang='grc' dir='ltr'>Βο</span> <span class='ocrx_word' id='word_1_210' title='bbox 537 3345 590 3408; x_wconf 80' lang='lat' dir='ltr'>ita,</span> <span class='ocrx_word' id='word_1_211' title='bbox 613 3349 645 3396; x_wconf 81' lang='lat' dir='ltr'>ut</span> <span class='ocrx_word' id='word_1_212' title='bbox 667 3343 775 3396; x_wconf 73' lang='lat' dir='ltr'>uultum</span> <span class='ocrx_word' id='word_1_213' title='bbox 797 3343 834 3396; x_wconf 72' lang='lat' dir='ltr'>stt</span> <span class='ocrx_word' id='word_1_214' title='bbox 855 3343 976 3410; x_wconf 76' lang='lat' dir='ltr'>spatium</span> <span class='ocrx_word' id='word_1_215' title='bbox 994 3341 1065 3394; x_wconf 77' lang='lat' dir='ltr'>iuter</span> <span class='ocrx_word' id='word_1_216' title='bbox 1083 3339 1155 3394; x_wconf 70' lang='lat' dir='ltr'>duae</span> 
     </span>
     <span class='ocr_line' id='line_1_30' title="bbox 144 3412 1155 3481; baseline -0.001 -16"><span class='ocrx_word' id='word_1_217' title='bbox 144 3412 360 3480; x_wconf 77' lang='lat' dir='ltr'>declamationes,</span> <span class='ocrx_word' id='word_1_218' title='bbox 374 3413 421 3467; x_wconf 82' lang='lat' dir='ltr'>ced</span> <span class='ocrx_word' id='word_1_219' title='bbox 429 3421 457 3465; x_wconf 90' lang='grc' dir='ltr'><em>Β</em></span> <span class='ocrx_word' id='word_1_220' title='bbox 470 3421 532 3468; x_wconf 78' lang='lat' dir='ltr'>autc</span> <span class='ocrx_word' id='word_1_221' title='bbox 547 3413 671 3469; x_wconf 79' lang='lat' dir='ltr'>absentis</span> <span class='ocrx_word' id='word_1_222' title='bbox 685 3415 789 3468; x_wconf 76' lang='lat' dir='ltr'>echctet</span> <span class='ocrx_word' id='word_1_223' title='bbox 802 3413 888 3466; x_wconf 81' lang='lat' dir='ltr'>micio</span> <span class='ocrx_word' id='word_1_224' title='bbox 899 3413 1004 3480; x_wconf 76' lang='lat' dir='ltr'>pictum</span> <span class='ocrx_word' id='word_1_225' title='bbox 1017 3413 1126 3481; x_wconf 67' lang='lat' dir='ltr'>ciccum</span> <span class='ocrx_word' id='word_1_226' title='bbox 1138 3413 1155 3465; x_wconf 88' lang='grc' dir='ltr'>Γ</span> 
     </span>
     <span class='ocr_line' id='line_1_31' title="bbox 145 3483 543 3551; baseline 0.005 -16"><span class='ocrx_word' id='word_1_227' title='bbox 145 3487 178 3535; x_wconf 78' lang='lat'>17</span> <span class='ocrx_word' id='word_1_228' title='bbox 197 3483 342 3551; x_wconf 78' lang='lat' dir='ltr'>agnoscite</span> <span class='ocrx_word' id='word_1_229' title='bbox 360 3493 425 3550; x_wconf 71' lang='grc' dir='ltr'>Βος</span> <span class='ocrx_word' id='word_1_230' title='bbox 443 3496 543 3540; x_wconf 73' lang='lat' dir='ltr'>eorm</span> 
     </span>
    </p>

    <p class='ocr_par' dir='ltr' id='par_1_11' title="bbox 234 3556 901 3625">
     <span class='ocr_line' id='line_1_32' title="bbox 234 3556 901 3625; baseline 0.006 -19"><span class='ocrx_word' id='word_1_231' title='bbox 234 3559 266 3607; x_wconf 81' lang='lat'>21</span> <span class='ocrx_word' id='word_1_232' title='bbox 286 3556 397 3609; x_wconf 76' lang='lat' dir='ltr'>titulccn</span> <span class='ocrx_word' id='word_1_233' title='bbox 416 3571 465 3610; x_wconf 72' lang='lat' dir='ltr'>cun.</span> <span class='ocrx_word' id='word_1_234' title='bbox 485 3564 539 3609; x_wconf 84' lang='grc' dir='ltr'>Βο</span> <span class='ocrx_word' id='word_1_235' title='bbox 555 3557 586 3609; x_wconf 80' lang='lat' dir='ltr'>ic</span> <span class='ocrx_word' id='word_1_236' title='bbox 603 3557 693 3625; x_wconf 76' lang='lat' dir='ltr'>spatio</span> <span class='ocrx_word' id='word_1_237' title='bbox 711 3558 795 3611; x_wconf 78' lang='lat' dir='ltr'>cuius</span> <span class='ocrx_word' id='word_1_238' title='bbox 813 3557 901 3610; x_wconf 70' lang='lat' dir='ltr'>tineae</span> 
     </span>
    </p>
   </div>
   <div class='ocr_carea' id='block_1_10' title="bbox 0 0 1339 3920">
    <p class='ocr_par' dir='ltr' id='par_1_12' title="bbox 0 0 1339 3920">
     <span class='ocr_line' id='line_1_33' title="bbox 0 0 1339 3920; baseline 0 0"><span class='ocrx_word' id='word_1_239' title='bbox 0 0 1339 3920; x_wconf 95' lang='lat' dir='ltr'> </span> 
     </span>
    </p>
   </div>
  </div>
 </body>
</html>
