2664 3920
185 211 229 274 32
521 210 715 265 CALPVRNH
733 209 859 265 etheel

231 381 354 438 lssoeuti
384 379 541 455 despondit
570 383 601 438 et
629 380 708 438 diem
735 381 848 454 nuptiis
877 379 960 438 dixit.
1006 382 1087 439 intra
1117 379 1196 439 diem

231 469 332 544 puella
357 468 432 526 obiit
459 469 556 528 duhiIs
583 471 676 546 siguis
704 469 860 528 eruditatis
888 471 919 528 et
945 471 1059 528 veneni.
1106 489 1196 544 quae-

232 559 359 617 stionem
381 577 449 616 oum
471 558 508 616 de
530 559 646 617 familia
668 561 755 632 pater
777 557 911 631 heberet,
939 577 973 616 ex
996 559 1113 618 ancillis
1135 577 1197 617 una
1314 607 1315 618 ,

232 647 365 706 confessa
391 649 449 720 est,
480 646 659 706 adulterium
682 666 749 705 oum
769 646 821 705 illo
844 649 951 706 iuvene
977 649 1082 707 matris
1104 649 1196 706 inter
1314 650 1315 668 ¹

161 755 174 794 o
232 736 361 796 cessisse.
406 738 493 810 pater
516 739 635 795 eoousat
657 735 791 794 veneficii
813 739 947 795 matrem.

255 911 421 986 Quaeritur,
434 911 528 972 filiam
542 913 689 972 eruditate
709 933 747 972 un
763 933 875 972 veneno
893 915 1084 973 interfeceris.
1126 933 1197 972 nem

189 1003 219 1059 et
246 1001 376 1060 eruditas
403 1003 528 1078 virginis
558 1004 669 1060 orimeu
697 1004 742 1061 est
768 1005 882 1061 matris
929 998 1097 1075 ‘morietur,
1127 1005 1196 1061 aute

190 1109 279 1164 quam
312 1083 431 1148 uubat':
461 1094 491 1149 et
519 1093 637 1149 mortue
667 1094 720 1152 est.
774 1111 790 1149 o
824 1092 948 1166 impiam
983 1091 1196 1152 divinationem

188 1178 236 1236 vel
259 1179 357 1253 potius
377 1179 643 1239 denuntiationeml
668 1180 808 1239 oiufelr'x
825 1181 938 1255 puella!
963 1200 1017 1260 ego
1035 1180 1093 1239 tibi
1109 1199 1197 1256 peru-

149 1287 175 1326 ro
189 1267 258 1327 bam
281 1270 414 1343 nuptias,
441 1271 537 1328 meter
560 1271 721 1344 exsequIes.
766 1269 881 1344 placuit
907 1272 939 1328 in
961 1273 992 1328 te
1015 1288 1122 1346 sponso
1144 1273 1196 1328 tuo

189 1356 352 1416 similitudo
370 1361 514 1417 materna.
552 1377 607 1436 ego
625 1361 664 1434 te,
682 1359 787 1433 fateor,
806 1358 908 1437 oooidi,
927 1359 998 1416 dum
1016 1378 1083 1418 oum
1101 1361 1197 1418 matre

190 1446 342 1505 oontendo

134 1585 176 1640 oo
648 1579 743 1649 XLI.

426 1722 542 1806 Rapta
564 1725 607 1790 ah
631 1723 766 1807 ephebo
790 1724 965 1807 stuprata.

150 1891 176 1931 15
190 1870 361 1929 Ruruuavu
383 1887 451 1930 oux.
492 1873 594 1946 rapuit
617 1872 739 1948 quidam
757 1875 903 1950 virginem
926 1875 956 1932 et
975 1873 1086 1948 ephebo
1110 1893 1198 1948 quem

235 1959 368 2034 emebat,
402 1960 529 2020 tradidit
558 1961 762 2036 stuprandum.
810 1965 899 2037 rapta
932 1962 971 2021 ad
1004 1964 1198 2038 magistratus

234 2049 379 2124 producta
396 2052 522 2108 mortem
541 2049 646 2124 ephebi
664 2051 748 2125 petit
795 2050 881 2109 offert
898 2067 929 2110 se
947 2052 999 2109 ille
1019 2053 1070 2126 qui
1088 2053 1198 2126 rapuit.

256 2227 330 2304 Ego,
352 2227 471 2300 inditos,
494 2229 589 2303 rapui,
613 2246 667 2305 ego
691 2228 811 2286 domum
834 2227 917 2301 duxi,
941 2247 995 2305 ego
1018 2231 1132 2303 puriter
1153 2230 1199 2286 iu·

191 2316 278 2390 elusi,
302 2335 355 2393 ego
379 2317 439 2374 vim
463 2315 575 2375 duobus
598 2316 663 2376 feei.
708 2319 805 2392 perire
827 2317 902 2375 mihi
924 2319 1017 2376 satius
1042 2319 1086 2376 est
1110 2337 1199 2392 quam

150 2424 177 2463 ao
190 2404 268 2463 huno
299 2405 399 2463 ridere
431 2407 611 2479 pereuntem.
666 2406 784 2480 callide,
816 2407 930 2481 puelle,
962 2408 1128 2465 commenta
1160 2425 1199 2466 es.

190 2512 283 2551 uuum
305 2495 392 2569 petis,
415 2495 450 2552 ut
472 2495 544 2553 duos
566 2496 681 2570 pariter
703 2495 826 2554 occidas.

138 2721 175 2778 41
639 2717 757 2785 XLII.

422 2859 516 2926 Orbe
537 2859 701 2927 confossa
724 2861 965 2942 saerilegium.

192 3008 413 3067 Mlorsrrlrvs
431 3027 473 3066 ua
493 3025 646 3067 seruasse
667 3025 767 3069 eruar
786 3025 975 3070 svrrmorvu.
1017 3029 1058 3067 uu
1076 3026 1199 3068 rurvsro

151 3116 178 3156 aa
237 3113 394 3156 evermero
418 3113 566 3157 ruruvuoe
589 3115 768 3156 seruauere
793 3115 912 3157 moues.
959 3117 1035 3175 quae
1059 3100 1203 3175 quattuor

282 3307 298 3354 4
317 3300 445 3356 iuvenem
463 3310 516 3356 Be
586 3308 602 3355 6
622 3301 790 3356 eruditatem
809 3268 921 3373 an(oorr.
937 3303 963 3369 ο)
984 3313 1005 3357 ι’

282 3377 316 3425 14
330 3390 384 3441 pro
402 3375 481 3428 titulo
502 3375 647 3442 raptarum
669 3372 715 3428 lex
733 3383 787 3427 Be
910 3379 942 3428 15
960 3381 987 3428 et
1005 3380 1038 3428 17
1062 3373 1161 3430 efoebo
1183 3384 1206 3428 c

194 3448 227 3495 21
248 3443 303 3496 duo
322 3452 350 3495 B
419 3443 529 3499 occides
549 3455 570 3498 c

193 3519 227 3566 23
246 3515 356 3568 titulum
375 3531 424 3570 om.
444 3524 498 3569 Bo
518 3518 571 3583 ito,
594 3522 626 3570 ut
646 3517 712 3572 hoec
730 3524 754 3572 et
776 3516 1039 3586 priorueuomotto
1066 3533 1125 3571 wia
1147 3533 1204 3572 esse

192 3584 338 3640 videantur
357 3596 378 3639 ο
448 3593 481 3641 25
499 3587 628 3641 tribunus
649 3598 670 3642 ο
