2664 3920
380 178 685 234 DECLAMA'I’IONES
703 177 899 233 XVI—XVIII.
1104 181 1143 244 17

131 352 209 411 lanii
232 349 326 409 dedit:
351 351 487 426 quamvis
510 351 610 407 omnia
632 351 719 425 pater
740 349 805 423 ipse
828 350 945 407 curaret
968 350 999 406 et
1020 351 1143 425 regeret.

130 441 258 516 imploro
291 439 434 498 auxilium
470 439 549 513 quod
576 439 669 497 vestri
697 439 824 496 maiores
854 439 947 496 servis
974 438 1036 495 iam
1064 439 1144 498 natis

131 530 324 604 reliquerunt.
366 548 459 586 uuum
481 546 541 585 non
564 529 609 586 est
631 528 663 584 in
682 527 825 586 servitute
847 527 931 586 nasci
953 528 983 585 ct
1005 525 1144 585 libertate

132 619 262 678 multari.
304 618 407 677 statim
426 617 578 676 credidisti
600 615 693 674 fidum
712 617 743 674 et
764 615 904 674 idoneum
922 615 1070 690 iudicasti,
1094 616 1145 674 sed

132 727 192 766 non
219 725 281 766 esse
310 706 428 765 felicem
456 708 518 764 iam
546 707 612 764 tum
642 706 716 764 scire
745 705 879 779 potuisti.
929 699 1054 764 ‘occisus
1078 700 1171 779 est',s

133 798 244 872 inquit,
268 789 358 854 ‘filius
386 790 489 854 meus'.
535 796 561 854 si
587 794 710 868 iniuria,
740 793 961 852 interfectorem
984 812 1088 871 argue,
1119 794 1145 852 si

132 888 205 959 iure,
228 886 315 963 leges.
362 903 416 962 ego
439 884 525 942 illum
544 882 712 940 adulterum
730 883 796 957 leci,
820 882 915 958 credo,
938 884 1056 942 luxuria
1079 901 1145 942 mea

132 993 233 1034 servus
256 975 390 1032 novicius
413 975 444 1030 et
465 991 587 1048 pauper,
610 973 680 1030 ante
704 990 794 1046 quani
812 960 921 1032 servus.
967 972 1063 1030 multa
1086 973 1145 1031 lar·

132 1064 270 1142 giebariS,
292 1062 466 1140 indulgebas
489 1063 599 1135 omnia,
621 1061 698 1119 nihil
720 1079 853 1134 unquam
875 1060 1013 1139 negabas.

567 1282 706 1352 XVIII.
884 1367 886 1372 Δ

474 1425 615 1492 Armati
638 1426 805 1495 abdicati.

134 1577 275 1635 Abdicati
298 1577 336 1635 ad
359 1578 472 1635 curiam
495 1578 695 1635 convenerunt
716 1577 826 1634 armati
847 1569 982 1651 petentes
1005 1577 1146 1634 revocari.

179 1685 255 1725 unus
278 1685 313 1724 ex
341 1665 477 1741 patribus
507 1665 694 1723 contradixit.
736 1665 814 1724 filius
845 1667 908 1725 eius
933 1684 964 1725 se
987 1666 1146 1724 interemit.

181 1755 260 1813 idem
283 1754 396 1827 suadet,
417 1756 453 1811 ut
474 1753 664 1829 recipiantur.

202 1931 284 2004 Pete,
306 1933 341 1989 ut
362 1930 542 2008 indulgeatis
565 1933 627 1989 irae
650 1932 837 2006 domesticae,
861 1951 928 1991 cum
950 1952 997 1991 me
1019 1932 1146 1992 videatis
1162 1951 1186 1991 15

134 2020 271 2096 publicae
288 2021 440 2095 paenitere
458 2022 630 2080 sententiae.
667 2039 746 2096 nam,
765 2024 843 2080 sicut
860 2023 892 2079 in
913 2023 977 2079 vita
995 2039 1148 2095 nunquam

135 2128 234 2168 errare
263 2109 358 2169 felicis
388 2110 445 2183 ost,
474 2111 519 2168 ita
549 2127 677 2169 errorem
712 2129 801 2184 quam
832 2111 963 2185 primum
993 2109 1148 2168 emendare

135 2200 286 2274 sapientis.
331 2200 490 2274 parentum
512 2199 567 2256 illa
589 2198 763 2257 deliberatio
787 2200 858 2272 fuit,
881 2198 954 2256 haec
976 2199 1038 2256 iam
1062 2217 1148 2257 cunc·

135 2289 211 2346 tatio
229 2288 446 2362 parricidarum
465 2289 516 2346 est.
558 2289 657 2345 aetate
670 2288 749 2362 lapsi
767 2289 844 2362 sunt,
864 2288 996 2364 egestate
1014 2289 1147 2346 correcti.

135 2379 168 2434 in
189 2376 246 2434 hoc
267 2395 320 2435 ros
344 2395 497 2434 exoramus
524 2376 603 2450 loco,
632 2377 664 2434 in
692 2395 750 2451 quo
774 2378 865 2434 etiam
887 2376 986 2435 hostes
1017 2378 1149 2452 superati
1163 2396 1189 2435 ro

136 2483 196 2524 non
218 2465 330 2524 frustra
348 2465 597 2540 supplicavenmt.
640 2483 693 2542 ego
712 2466 764 2523 ille
781 2466 877 2524 tristis
897 2467 927 2523 et
945 2483 1059 2539 saevus,
1083 2484 1150 2524 cum

138 2553 318 2627 abdicarem,
354 2555 456 2611 tamen
482 2553 552 2611 flevi
581 2555 613 2612 et
639 2572 754 2629 semper
784 2573 818 2612 ex
851 2573 898 2629 co,
931 2554 1003 2613 licet
1031 2556 1150 2627 tacitus,

137 2645 272 2720 ingemui
294 2645 324 2700 et
347 2644 547 2717 opportunum
569 2644 616 2701 ius
635 2644 833 2702 restitutionis
855 2645 967 2718 optavi.
1012 2645 1151 2703 restituet

138 2731 223 2790 nobis
236 2731 313 2790 filios
328 2733 491 2790 auctoritas
509 2731 629 2806 publica
643 2734 797 2806 tamquam
816 2732 876 2790 alia
890 2735 1006 2791 natura.
1048 2751 1151 2791 vereor

137 2822 212 2894 iam,
235 2819 267 2878 P.
287 2817 328 2894 (l,
350 2839 388 2879 ne
418 2821 581 2895 sapientior
603 2821 740 2879 videatur
763 2823 793 2879 ct
816 2822 924 2879 certior
952 2821 1004 2879 ille
1032 2821 1150 2880 abdica·
1164 2841 1190 2881 aa

138 2911 238 2968 torum
267 2911 394 2968 senatus.
447 2910 556 2982 fateor,
587 2911 770 2968 armatorum
803 2909 880 2968 facie
911 2928 971 2968 non
1000 2911 1149 2968 immerito

136 3001 295 3074 terremur,
322 2992 477 3075 <fatetur>
500 2999 579 3057 enim
609 3017 693 3058 suam
723 3002 856 3057 mortem.
904 2998 1151 3072 quemadmodum

229 3205 292 3257 let
310 3206 392 3273 pater
409 3213 437 3255 B
535 3203 703 3256 3servitute
722 3215 750 3256 e:
770 3219 826 3256 -em
844 3213 898 3256 Bc
990 3202 1151 3258 libertatem

138 3275 228 3328 ultam
246 3284 301 3329 Bc
370 3273 526 3328 8novitius
545 3283 598 3327 Bc
667 3273 815 3343 largiueris
835 3283 888 3327 Bc

229 3344 411 3416 republicae
433 3344 780 3414 Pithoeus:publiccflc
864 3350 896 3398 18
922 3362 985 3398 cum
1009 3345 1093 3399 statio
1117 3356 1151 3413 B,

140 3434 208 3472 corr.
228 3417 266 3470 o?
367 3421 398 3470 19
417 3416 632 3485 parricidiorum
650 3425 704 3469 Bc
800 3418 865 3469 eunt
883 3416 1039 3488 Schulticy:
1058 3434 1152 3470 eumue

147 3497 199 3542 Bc
277 3495 309 3541 21
330 3498 438 3542 ercev
518 3503 612 3540 servus
631 3497 685 3541 Bc
767 3492 800 3539 23
820 3488 849 3540 ct
866 3486 992 3556 ingemui
1009 3498 1102 3543 crau

146 3575 192 3612 rus
211 3569 231 3612 ο
301 3565 332 3612 27
353 3507 458 3613 Fatetur
476 3558 539 3612 add.
555 3558 694 3612 Decsccer
711 3563 736 3612 et
758 3559 860 3625 Weber,
875 3561 962 3627 p.12.

196 3658 331 3700 Genavam
347 3669 435 3700 rnaccr
448 3667 649 3699 racuannrrcrrs
664 3657 698 3697 ed.
714 3657 841 3696 Lehnert
977 3654 993 3700 2
