2664 3920
501 1042 737 1119 Praefatio

569 1221 676 1228 -ι--ο-

192 1331 329 1408 Ercerpta
362 1351 397 1390 ex
426 1331 582 1408 Calpurnii
609 1331 711 1390 Flacci
742 1330 1007 1390 declamationibus
1039 1331 1129 1406 facta,

126 1423 161 1479 ut
182 1421 372 1481 inererentru
399 1421 568 1482 collectioni
595 1420 713 1478 cuidam
741 1419 840 1479 decem
862 1411 1046 1500 rhetoruml)
1070 1439 1129 1494 qua

128 1509 345 1570 continebantur
372 1513 401 1570 et
425 1509 553 1569 Senecae
581 1509 811 1568 declamationes
842 1510 871 1567 et
898 1508 1129 1580 declamationes

127 1600 252 1656 minores
278 1598 463 1668 Quintiliano
502 1598 678 1671 attributae,
716 1598 846 1673 quinque
883 1598 1032 1658 codicibus
1070 1617 1129 1657 ser-

127 1687 200 1746 vata
222 1691 286 1746 suit.

197 1772 316 1842 Qucum
343 1777 570 1851 antiquissimus
601 1780 645 1835 est
673 1776 763 1836 codex
793 1774 1184 1852 MontepessulanusA

130 1864 242 1922 latinus
265 1861 450 1924 libliothecae
468 1866 585 1938 scholae
604 1866 735 1925 medicae
754 1865 785 1924 H
804 1867 866 1924 126
887 1858 962 1948 (A),
984 1865 1130 1925 membra-

130 1970 237 2012 naceus
256 1951 356 2014 fornae
376 1953 538 2030 quadratae
558 1948 613 2036 (27
626 1974 633 2014 :
646 1957 685 2014 23
707 1947 776 2036 cm),
795 1955 935 2013 foliorum
955 1956 1017 2013 116
1038 1955 1130 2012 linea-

15 2049 17 2054 '
129 2063 197 2102 rum
220 2041 271 2115 38,
290 2045 393 2105 ¹aeculi
410 2045 444 2103 X.
468 2046 501 2102 in
519 2047 654 2122 margine
672 2045 814 2102 inferiore
831 2046 1010 2122 paginarum
1027 2061 1131 2102 versae

129 2133 197 2192 folii
228 2131 305 2206 prim
339 2136 370 2192 et
400 2136 498 2192 rectae
535 2134 603 2191 folii
639 2133 761 2191 alterius
793 2152 898 2192 manus
930 2133 1042 2192 saeculi
1072 2132 1131 2191 XII

130 2221 264 2280 exeuntis
298 2225 417 2299 cripsit:
455 2217 556 2280 ‘Liber
586 2221 689 2281 Sancti
717 2221 892 2280 Theoderici
914 2223 1062 2280 auferenti
1091 2223 1132 2280 sit

131 2302 301 2369 anathema'
316 2307 381 2386 (bit
409 2305 578 2370 anathema'
609 2311 645 2369 ab
679 2311 739 2370 alia
766 2329 858 2368 manu
884 2312 918 2368 in
948 2329 1053 2368 rasura
1080 2310 1131 2370 ad-

132 2390 220 2480 dita).
280 2400 372 2471 qubus
415 2399 468 2459 sub
504 2399 603 2459 verbis
645 2419 663 2458 a
699 2417 791 2457 manu
831 2401 926 2457 multo
968 2400 1132 2459 recentiore

133 2481 222 2570 (saec.
241 2485 297 2544 XV
319 2489 353 2547 tr
381 2481 466 2569 XVI)
490 2491 644 2547 exaratum
670 2489 794 2565 legitur:
826 2483 873 2545 ‘ex
897 2487 982 2546 libris
1013 2488 1133 2566 collegii

133 2577 258 2638 oratorii
281 2572 431 2636 Treensis'
455 2595 508 2636 nec
533 2596 593 2637 nou
617 2595 725 2635 nomen
749 2577 783 2635 P.
801 2577 908 2635 Pttbou
933 2568 1002 2657 (hac
1019 2569 1130 2657 forma)

134 2686 153 2726 a
181 2665 269 2723 Petro
296 2662 405 2725 Pitoeo
433 2665 505 2725 Icto
538 2658 752 2747 (1539-96)
779 2668 845 2741 ipso
880 2667 1024 2741 scriptum
1052 2667 1133 2740 quod

135 2756 252 2829 saepius
275 2754 307 2810 in
329 2752 391 2814 liro
419 2757 555 2815 occinuit.
601 2755 679 2814 unde
706 2755 783 2814 liber
806 2754 863 2814 sibi
886 2755 1059 2830 innotuerit,
1081 2755 1131 2814 Pi·

134 2844 239 2902 thoeus
262 2842 295 2898 iu
316 2846 485 2915 prefatione
504 2843 643 2902 editionis
662 2863 732 2903 suae
751 2845 815 2919 ipse
839 2847 967 2918 enarrat,
990 2844 1041 2902 ubi
1059 2844 1133 2922 legi·

134 2949 200 2991 mus
231 2949 300 2987 eum
329 2933 512 2993 reensionem
538 2933 624 2991 illam
650 2951 770 3008 parasse
799 2928 866 3008 ‘ope
899 2936 989 3008 atque
1020 2932 1131 2991 auxilio

135 3018 330 3080 vetustissimi
357 3022 516 3096 exemplaris
545 3021 626 3097 quod
653 3021 695 3080 01.
719 3021 844 3080 Falcetii
873 3003 1132 3103 (leto—1601),

135 3107 320 3168 Monetamae
346 3112 428 3168 cuiae
451 3111 600 3170 Praesidis
620 3157 626 3168 .
647 3156 652 3167 .
673 3157 679 3168 .
698 3110 839 3169 beneficio
865 3157 923 3169 ...
949 3103 1131 3184 acceperim'.

137 3198 208 3256 olim
238 3195 346 3257 codicis
377 3213 478 3276 smum
506 3200 538 3258 in
567 3199 748 3258 bibliotheca
778 3199 1038 3275 Montepessulana
1068 3201 1133 3256 erat

136 3286 267 3346 1A17.
305 3284 421 3346 eontint
444 3289 534 3349 codex
553 3289 603 3348 fol.
625 3288 731 3347 1-88
752 3287 980 3347 declamationes
1003 3288 1132 3346 minores

144 3463 147 3473 '
210 3477 235 3542 1)
254 3474 296 3527 De
315 3473 394 3526 euius
413 3477 494 3530 ndole
517 3479 602 3544 atque
624 3477 726 3528 uatrrra
744 3474 834 3528 fusius
857 3491 941 3543 agere
964 3475 1016 3528 hcc
1036 3491 1052 3528 a
1070 3475 1132 3528 loco

139 3544 261 3600 alienum
280 3546 330 3598 est.
